@inproceedings{JonesDTL2013,
  title={{Distribution temporal logic: Combining correctness with quality of estimation}},
  author={Jones, A. and Schwager, M. and Belta, C.},
  booktitle={Proc. IEEE CDC},
  pages={4719--4724},
  year={2013}
}

@book{hll1996,
  Author = {Hern{\'a}ndez-Lerma, O. and Lasserre, J. B.},
  Publisher = {Springer},
  Series = {Applications of Mathematics},
  Title = {Discrete-time {M}arkov control processes},
  Volume = {30},
  Year = {1996}
}
 
@inproceedings{Ehlers2016,
  author = {Ehlers, Ruediger and Moarref, Salar and Topcu, Ufuk},
  booktitle = {Proc. IEEE CDC},
  doi = {10.1109/CDC.2016.7798306},
  pages = {426--433},
  title = {{Risk-averse control of Markov decision processes with $\omega$-regular objectives}},
  year = {2016}
}

@inproceedings{Papusha2016,
  author = {Papusha, Ivan and Fu, Jie and Topcu, Ufuk and Murray, Richard M.},
  booktitle = {Proc. IEEE CDC},
  pages = {434--440},
  title = {{Automata Theory Meets Approximate Dynamic Programming: Optimal Control with Temporal Logic Constraints}},
  year = {2016}
}

@inproceedings{Alora2016,
  author = {Alora, John Irvin and Gorodetsky, Alex A and Karaman, S and Marzouk, Youssef M and Lowry, Nathan},
  booktitle = {Proc. IEEE CDC},
  pages = {1131--1138},
  title = {{Automated Synthesis of Low-rank Control Systems from sc-LTL Specifications using Tensor-Train Decompositions}},
  year = {2016}
}

@misc{Lavaei2017,
  Eprint = {1712.07793},
  Eprintclass = {cs.SY},
  Eprinttype = {arxiv},
  author = {Lavaei, Abolfazl and Soudjani, Sadegh and Zamani, Majid},
  title = {{From Dissipativity Theory to Compositional Construction of Finite Markov Decision Processes}},
  year = {2017}
}
