@inproceedings{Gillula2010,
author = {Gillula, Jeremy H. and {Haomiao Huang} and Vitus, Michael P. and Tomlin, Claire J.},
booktitle = {Proc. IEEE ICRA},
doi = {10.1109/ROBOT.2010.5509627},
pages = {1649--1654},
publisher = {IEEE},
title = {{Design of guaranteed safe maneuvers using reachable sets: Autonomous quadrotor aerobatics in theory and practice}},
year = {2010}
}

@article{Majumdar2014,
author = {Majumdar, Anirudha and Vasudevan, Ramanarayan and Tobenkin, Mark M and Tedrake, Russ},
doi = {10.1177/0278364914528059},
journal = {The International Journal of Robotics Research},
number = {9},
pages = {1209--1230},
title = {{Convex optimization of nonlinear feedback controllers via occupation measures}},
volume = {33},
year = {2014}
}

@article{Majumdar2017,
author = {Majumdar, Anirudha and Tedrake, Russ},
doi = {10.1177/0278364917712421},
journal = {The International Journal of Robotics Research},
number = {8},
pages = {947--982},
title = {{Funnel libraries for real-time robust feedback motion planning}},
volume = {36},
year = {2017}
}

@article{Wang2017a,
author = {Wang, Li and Ames, Aaron D. and Egerstedt, Magnus},
doi = {10.1109/ICRA.2017.7989375},
journal = {Proc. IEEE ICRA},
pages = {3293--3298},
title = {{Safe certificate-based maneuvers for teams of quadrotors using differential flatness}},
year = {2017}
}

@inproceedings{Wu2016,
author = {Wu, Guofan and Sreenath, Koushil},
booktitle = {Proc. ASME CDSC},
doi = {10.1115/DSCC2016-9913},
pages = {V001T05A006},
title = {{Safety-Critical Control of a 3D Quadrotor With Range-Limited Sensing}},
year = {2016}
}

@article{Zhou2014,
author = {Zhou, Dingjiang and Schwager, Mac},
doi = {10.1109/ICRA.2014.6907828},
journal = {Proc. IEEE ICRA},
pages = {6567--6572},
title = {{Vector field following for quadrotors using differential flatness}},
year = {2014}
}

@article{Wang2017,
author = {Wang, Li and Ames, Aaron D. and Egerstedt, Magnus},
title = {{Super-Ellipsoidal Barrier Certificates for Safe Behavior in Teams of Quadrotors}},
journal = {Under review for TRO},
year = {2017}
}

@inproceedings{Mellinger2011,
author = {Mellinger, Daniel and Kumar, Vijay},
booktitle = {Proc. IEEE ICRA},
doi = {10.1109/ICRA.2011.5980409},
pages = {2520--2525},
title = {{Minimum snap trajectory generation and control for quadrotors}},
year = {2011}
}

@inproceedings{Ehlers2016,
author = {Ehlers, Ruediger and Moarref, Salar and Topcu, Ufuk},
booktitle = {Proc. IEEE CDC},
doi = {10.1109/CDC.2016.7798306},
pages = {426--433},
title = {{Risk-averse control of Markov decision processes with $\omega$-regular objectives}},
year = {2016}
}

@article{Bell2010,
author = {Bell, Paul C and Delvenne, Jean-Charles and Jungers, Rapha{\"{e}}l M and Blondel, Vincent D.},
doi = {10.1016/j.tcs.2010.06.005},
journal = {Theoretical Computer Science},
number = {40-42},
pages = {3625--3634},
title = {{The continuous Skolem-Pisot problem}},
volume = {411},
year = {2010}
}
