
@article{perception-aware-planning,
  title={Perception-aware path planning},
  author={Costante, Gabriele and Forster, Christian and Delmerico, Jeffrey and Valigi, Paolo and Scaramuzza, Davide},
  journal={arXiv preprint arXiv:1605.04151},
  year={2016}
}

@article{Perception-Aware-Multiobjective-Search,
  title={Robust Motion Planning via Perception-Aware Multiobjective Search on GPUs},
  author={Ichter, Brian and Landry, Benoit and Schmerling, Edward and Pavone, Marco},
  journal={arXiv preprint arXiv:1705.02408},
  year={2017}
}

@inproceedings{MapQualityEvaluation,
  title={Map quality evaluation for visual localization},
  author={Merzi{\'c}, Hamza and Stumm, Elena and Dymczyk, Marcin and Siegwart, Roland and Gilitschenski, Igor},
  booktitle={Robotics and Automation (ICRA), 2017 IEEE International Conference on},
  pages={3200--3206},
  year={2017},
  organization={IEEE}
}