% Encoding: UTF-8


@String { baraff    = {D. Baraff} }
@String { berkowitz = {D. Berkowitz} }
@String { brost     = {R. Brost} }
@String { burdick   = {J. Burdick} }
@String { canny     = {J. Canny} }
@String { CHI       = {ACM SIGCHI} }
@String { craig     = {J. Craig} }
@String { CSCW      = {ACM Conference on Computer-Supported Cooperative Work} }
@String { cybr      = {IEEE Transactions on Systems, Man, and Cybernetics} }
@String { dadi      = {D. Gudmundsson} }
@String { farzin    = {B. Farzin} }
@String { focs      = {IEEE Symposium on Foundations of Computer Science} }
@String { goldberg  = {K. Goldberg} }
@String { icdc      = {IEEE International Conference on Decision and Control} }
@String { icra      = {IEEE International Conference on Robotics and Automation (ICRA)} }
@String { icra-ir   = {IEEE International Conference On Robotics and Automation (ICRA): Workshop on Current Challenges in Internet Telerobotics} }
@String { icsa      = {International Conference on Solid-State Sensors and Actuators} }
@String { ijra      = {IEEE Journal of Robotics and Automation} }
@String { ijrr      = {International Journal of Robotics Research} }
@String { intj      = {International Journal of Robotics and Automation} }
@String { iros      = {International Conference on Intelligent Robots and Systems (IROS)} }
@String { iros-wr   = {IEEE International Conference On Intelligent Robots and Systems (IROS): Workshop on Web Robots} }
@String { isatp     = {IEEE International Symposium on Assembly and Task Planning} }
@String { isrr      = {International Symposium on Robotics Research} }
@String { itac      = {IEEE Transactions on Automatic Control} }
@String { itra      = {IEEE Transactions on Robotics and Automation} }
@String { ivid      = {Video Proceedings of the } # icra }
@String { jasa      = {Journal of the Acoustic Society of America} }
@String { jmems     = {Journal of Micro-electromechanical Systems} }
@String { jsa       = {Journal of Sensors and Actuators} }
@String { latombe   = {J.-C. Latombe} }
@String { laugier   = {C. Laugier} }
@String { mems      = {IEEE Micro-electromechanical Systems} }
@String { paulos    = {E. Paulos} }
@String { reznik    = {D. Reznik} }
@String { salisbury = {K. Salisbury} }
@String { sastry    = {S. Sastry} }
@String { tro       = {IEEE Transactions on Robotics} }
@String { wafr      = {International Workshop on Algorithmic Foundations of Robotics} }
@String { witkin    = {A. Witkin} }

@InProceedings{AA:JK:GP:06,
  Title                    = { Critical Cooperative Surveillance and Coverage with Unmanned Aerial Vehicles },
  Author                   = { Ali Ahmadzadeh and James Keller and George J. Pappas and Ali Jadbabaie and Vijay Kumar },
  Booktitle                = { International Symposium on Experimental Robotics },
  Year                     = { 2006 },
  Address                  = { Rio de Janeiro },
  Editor                   = { Oussamma Khatib, Vijay Kumar and Daniela Rus },
  Month                    = { July },
  Publisher                = { Springer-Verlag },
  Series                   = { STAR },
  Added                    = { 2007-09-03 08:11:49 -0400 },
  Modified                 = { 2007-11-05 16:15:26 -0500 }
}

@InProceedings{Abd-Almageed2002,
  Title                    = {A Non-intrusive Kalman Filter-Based Tracker for Pursuit Eye Movement},
  Author                   = {W. Abd-Almageed and M. Fadali and G. Bebis},
  Booktitle                = {American Control Conference, Anchorage, Alaska, US},
  Year                     = {2002},
  Month                    = {May},
  Pages                    = {1443-1447}
}

@InProceedings{Adhami-icra02,
  Title                    = {Positioning Tele-Operated Surgical Robots for Collision-Free Optimal Operation},
  Author                   = {L. Adhami and E. Coste-Maniere},
  Booktitle                = {IEEE International Conference on Robotics and Automation (ICRA), Washington DC, US},
  Year                     = {2002},
  Month                    = {May},
  Pages                    = {2962-2967}
}

@Article{afw2005,
  Title                    = {http://www.zulucam.org/},
  Author                   = {AfricaWebCams},
  Year                     = {2005}
}

@InProceedings{agarwal99geometric,
  Title                    = {Geometric range searching and its relatives},
  Author                   = {P. Agarwal and J. Erickson},
  Booktitle                = {Advances in Discrete and Computational Geometry, volume 23 of Contemporary Mathematics},
  Year                     = {1999},
  Address                  = {Providence, RI},
  Editor                   = {B. Chazelle and J. E. Goodman and R. Pollack},
  Pages                    = {1-56},
  Publisher                = {American Mathematical Society Press},
  URL                      = {citeseer.nj.nec.com/article/agarwal99geometric.html}
}

@Book{Agrachev04-book,
  Title                    = {Control theory from the geometric viewpoint},
  Author                   = {A. Agrachev and Y. Sachkov},
  Publisher                = {Springer-Verlag},
  Year                     = {2004},
  Series                   = {Encyclopaedia of Mathematical Sciences, 87, Control Theory and Optimization, II}
}

@InProceedings{Agrawal07,
  Title                    = {Rough Terrain Visual Odometry},
  Author                   = {M. Agrawal and K. Konolige},
  Booktitle                = {International Conference on Advanced Robotics},
  Year                     = {2007},
  Month                    = {Aug.}
}

@TechReport{agre87,
  Title                    = {From Reaction to Participation},
  Author                   = {P. Agre and D. Chapman},
  Institution              = {MIT AI Lab},
  Year                     = {1987}
}

@Book{Aharon01,
  Title                    = {Lectures on modern convex optimization, analysis, algorithms, and engineering applications},
  Author                   = {Aharon BenTal and Arkadi Nemirovski},
  Publisher                = {SIAM},
  Year                     = {2001}
}

@InProceedings{Ali11-FIRM-IROS,
  Title                    = {{FIRM}: {F}eedback controller-based {I}nformation-state {R}oad{M}ap -A Framework for Motion Planning Under Uncertainty-},
  Author                   = {{Ali-akbar} {Agha-mohammadi} and Suman Chakravorty and Nancy Amato},
  Booktitle                = IROS,
  Year                     = {2011},
  Address                  = {SanFrancisco}
}

@Article{Ali11-tech-FIRM,
  Title                    = {{FIRM}: {F}eedback controller-based {I}nformation-state {R}oad{M}ap, A Framework for Motion Planning Under Uncertainty},
  Author                   = {{Ali-akbar} {Agha-mohammadi} and Suman Chakravorty and Nancy Amato},
  Journal                  = {Technical Report: TR11-001, Parasol Lab., CSE Dept., Texas A\&M University},
  Year                     = {2011}
}

@Article{Ali11-tech-FIRM-main,
  Title                    = {Motion planning in belief space using sampling-based Feedback planners},
  Author                   = {{Ali-akbar} {Agha-mohammadi} and Suman Chakravorty and Nancy Amato},
  Journal                  = {Technical Report: TR11-007, Parasol Lab., CSE Dept., Texas A\&M University},
  Year                     = {2011}
}

@Article{Ali11-tech-ProbabComplete,
  Title                    = {Probabilistic Completeness of the Belief Space Motion Planners},
  Author                   = {{Ali-akbar} {Agha-mohammadi} and Suman Chakravorty and Nancy Amato},
  Journal                  = {Technical Report: TR11-006, Parasol Lab., CSE Dept., Texas A\&M University},
  Year                     = {2011}
}

@Book{Ali12-bookChpater-FIRM-GPRM,
  Title                    = {Motion Planning under Uncertainty},
  Author                   = {{Ali-akbar} {Agha-mohammadi} and Sandip Kumar and Suman Chakravorty},
  Publisher                = {Book Chapter, J. Valasek (Ed.), Advances in Intelligent and Autonomous Aerospace Systems, Progress in Astronautics and Aeronautics, American Institute of Aeronautics and Astronautics (AIAA), Reston, VA},
  Year                     = {2012},
  ISBN                     = {978-1-60086-897-9}
}

@InProceedings{Ali12-DFL-IROS,
  Title                    = {Sampling-based nonholonomic motion planning in belief space via Dynamic Feedback Linearization-based FIRM},
  Author                   = {{Ali-akbar} {Agha-mohammadi} and Suman Chakravorty and Nancy Amato},
  Booktitle                = IROS,
  Year                     = {2012},
  Address                  = {Vilamoura, Portugal}
}

@InProceedings{Ali12-NeedleSteering,
  Title                    = {Medical Needle Steering under Motion and Sensor Noise using Feedback-based Information Roadmaps},
  Author                   = {{Ali-akbar} {Agha-mohammadi} and Suman Chakravorty and Nancy Amato},
  Booktitle                = {IEEE International Conference On Robotics and Automation (ICRA): Workshop on Medical Needle Steering},
  Year                     = {2012},
  Address                  = {Saint Paul, Minnesota}
}

@InProceedings{Ali12-ProbComp-ICRA,
  Title                    = {On the Probabilistic Completeness of the Sampling-based Feedback Motion Planners in Belief space},
  Author                   = {{Ali-akbar} {Agha-mohammadi} and Suman Chakravorty and Nancy Amato},
  Booktitle                = ICRA,
  Year                     = {2012},
  Address                  = {Minneapolis}
}

@Article{Ali12-tech-DFL-SKF-FIRM,
  Title                    = {Sampling-based Nonholonomic Motion Planning in Belief Space via Dynamic Feedback Linearization-based {FIRM}},
  Author                   = {{Ali-akbar} {Agha-mohammadi} and Suman Chakravorty and Nancy Amato},
  Journal                  = {Technical Report: TR12-004, Parasol Lab., CSE Dept., Texas A\&M University},
  Year                     = {2012}
}

@Article{Ali12-tech-Periodic-FIRM,
  Title                    = {Periodic-Feedback Motion planning in belief space for non-holonomic and/or Non-stoppable robots},
  Author                   = {{Ali-akbar} {Agha-mohammadi} and Suman Chakravorty and Nancy Amato},
  Journal                  = {Technical Report: TR12-003, Parasol Lab., CSE Dept., Texas A\&M University},
  Year                     = {2012}
}

@InProceedings{Ali13-cooperativePlanning,
  Title                    = {Stochastic Cooperative Planning via Information Roadmaps},
  Author                   = {{Ali-akbar} {Agha-mohammadi} and et al.},
  Year                     = {In preparation}
}

@InProceedings{Ali13-goalChanging-workshop,
  Title                    = {Online Replanning in Belief Space for Dynamical Systems: Towards Handling Discrete Changes of Goal Location},
  Author                   = {{Ali-akbar} {Agha-mohammadi} and Suman Chakravorty and Nancy Amato},
  Booktitle                = {IEEE International Conference On Robotics and Automation (ICRA): Workshop on Combining Task and Motion Planning},
  Year                     = {2013},
  Address                  = {Karlsruhe, Germany}
}

@InProceedings{Ali13-Unified-Graph-control,
  Title                    = {Sampling-based Stochastic Control with Constraints: A Unified Approach in State and Information Spaces},
  Author                   = {{Ali-akbar} {Agha-mohammadi} and Suman Chakravorty and Nancy Amato},
  Booktitle                = {the American Control Conference (ACC)},
  Year                     = {2013},
  Address                  = {Washington DC}
}

@Article{Ali14-IJRR,
  Title                    = {{FIRM}: Sampling-based Feedback Motion Planning Under Motion Uncertainty and Imperfect Measurements},
  Author                   = {{Agha-mohammadi}, {Ali-akbar} and Chakravorty, Suman and Amato, Nancy},
  Journal                  = {International Journal of Robotics Research (IJRR)},
  Year                     = {2014},
  Number                   = {2},
  Pages                    = {268--304},
  Volume                   = {33},
  Publisher                = {SAGE journals}
}

@InProceedings{Ali14-RolloutFIRM-ICRA,
  Title                    = {Robust Online Belief Space Planning in Changing Environments: Application to Physical Mobile Robots},
  Author                   = {{Ali-akbar} {Agha-mohammadi} and Saurav Agarwal and Aditya Mahadevan and Suman Chakravorty and Daniel Tomkins and Jory Denny and Nancy Amato},
  Booktitle                = {IEEE Int. Conf. Robot. Autom. (ICRA)},
  Year                     = {2014},
  Address                  = {Hong Kong, China}
}

@InProceedings{Alterovitz07,
  Title                    = {The Stochastic motion roadmap: A sampling framework for planning with {M}arkov motion uncertainty},
  Author                   = {Ron Alterovitz and Thierry Sim{\'e}on and Ken Goldberg},
  Booktitle                = {Proceedings of Robotics: Science and Systems (RSS)},
  Year                     = {2007},
  Address                  = {Atlanta, GA},
  Month                    = {June}
}

@InProceedings{Amato98,
  Title                    = {{OBPRM}: An {O}bstacle-{B}asaed {PRM} for {3D} workspaces},
  Author                   = {N. Amato and B. Bayazit and L. Dale and C. Jones and D. Vallejo},
  Booktitle                = {International Workshop on the Algorithmic Foundations of Robotics},
  Year                     = {1998},
  Pages                    = {155-168}
}

@InProceedings{Amidi98,
  Title                    = {Vision-based Autonomous Helicopter Research at Carnegie Mellon Robotics Institute 1991-1997},
  Author                   = {O. Amidi and T. Kanade and J. Miller},
  Booktitle                = {American Helicopter Society International Conference},
  Year                     = {1998},
  Address                  = {Heli, japan},
  Month                    = {April}
}

@InProceedings{Amoretti2003,
  Title                    = {Evaluation of data distribution techniques in a CORBA-based telerobotic system},
  Author                   = {M. Amoretti and S. Bottazzi and M. Reggiani and S. Caselli},
  Booktitle                = {IEEE/RSJ International Conference on Intelligent Robots and Systems, Las Vegas, NV, US},
  Year                     = {2003},
  Month                    = {October}
}

@Article{Anderson13,
  Title                    = {Optimal Feedback Guidance of a Small Aerial Vehicle in a Stochastic Wind},
  Author                   = {Ross P. Anderson and Efstathios Bakolas and Dejan Milutinovi{\'{c}} and and Panagiotis Tsiotras},
  Journal                  = {Journal of Guidance, Control, and Dynamics},
  Year                     = {2013},
  Pages                    = {975-985},
  Volume                   = {36},
  Issue                    = {4}
}

@Article{arbter1990,
  Title                    = {Application of Affline-Invariant Fourier Descriptors to Recognition of 3-D Objects},
  Author                   = {K. Arbter and W. Snyder and H. Burkhardt and G. Hirzinger},
  Journal                  = {IEEE Transactions on Pattern Analysis and Machine Intelligence},
  Year                     = {1990},
  Month                    = {July},
  Number                   = {7},
  Pages                    = {640-646},
  Volume                   = {12}
}

@Article{Arnold84DARE,
  Title                    = {Generalized eigenproblem algorithms and software for algebraic {R}iccati equations},
  Author                   = {Arnold III, William F and Laub, Alan J},
  Journal                  = {Proceedings of the IEEE},
  Year                     = {1984},
  Number                   = {12},
  Pages                    = {1746--1754},
  Volume                   = {72},
  Publisher                = {IEEE}
}

@Article{Arora98polynomialtime,
  Title                    = {Polynomial time approximation schemes for euclidean tsp and other geometric problems},
  Author                   = {Sanjeev Arora},
  Journal                  = {Journal of the ACM},
  Year                     = {1998},
  Month                    = {September},
  Number                   = {5},
  Pages                    = {753-782},
  Volume                   = {45}
}

@Article{Aruco,
  Title                    = {http://sourceforge.net/projects/aruco/},
  Author                   = {R. Munoz-Salinas}
}

@Article{arun1987,
  Title                    = {Least squares fitting of two 3-D point sets},
  Author                   = {K.S. Arun and T.S. Huang and S.D. Blostein},
  Journal                  = {IEEE Transactions on Pattern Analysis and Machine Intelligence},
  Year                     = {1987},
  Number                   = {5},
  Pages                    = {698-700},
  Volume                   = {9}
}

@Article{Astrom65,
  Title                    = {Optimal Control of {M}arkov Decision Processes with incomplete state estimation},
  Author                   = {K Astrom},
  Journal                  = {Journal of Mathematical Analysis and Applications},
  Year                     = {1965},
  Pages                    = {174-205},
  Volume                   = {10}
}

@Article{Aufrere_2003_4507,
  Title                    = {Perception for collision avoidance and autonomous driving},
  Author                   = {Romuald Aufrere and Jay Gowdy and Christoph Mertz and Chuck Thorpe and Chieh-Chih Wang and Teruko Yata},
  Journal                  = {Mechatronics},
  Year                     = {2003},
  Month                    = {December},
  Number                   = {10},
  Pages                    = {1149-1161},
  Volume                   = {13}
}

@Article{aumann1964,
  Title                    = {The Bargaining Set of Cooperative Games},
  Author                   = {R.J. Aumann and M. Maschler},
  Year                     = {1964},
  Pages                    = {443-476},
  Booktitle                = {Advances in Game Theory},
  Publisher                = {Princeton University Press}
}

@Article{Aumann1974,
  Title                    = {Cooperative Games with Coalition Structures},
  Author                   = {R.J. Aumann and J.H. Dreze},
  Journal                  = {International Journal of Game Theory},
  Year                     = {1974},
  Pages                    = {217-237},
  Volume                   = {3}
}

@Article{AutomatedTelemetry,
  Title                    = {http://www.fs.fed.us/pnw/starkey/tracking.shtml},
  Author                   = {The Starkey Project},
  Year                     = {2008}
}

@InProceedings{avis95how,
  Title                    = {How Good are Convex Hull Algorithms?},
  Author                   = {D. Avis and D. Bremner and R. Seidel},
  Booktitle                = {Symposium on Computational Geometry},
  Year                     = {1995},
  Pages                    = {20-28},
  URL                      = {citeseer.nj.nec.com/article/avis97how.html}
}

@Article{Babionitakis2008,
  Title                    = {A real-time motion estimation FPGA architecture},
  Author                   = {Babionitakis, K. and Doumenis, G.A. and Georgakarakos, G. and Lentaris, G. and Nakos, K. and Reisis, D. and Sifnaios, I. and Vlassopoulos, N.},
  Journal                  = {Journal RealTime Image Processing},
  Year                     = {2008},
  Month                    = {March},
  Number                   = {1-2},
  Pages                    = {3-20},
  Volume                   = {3}
}

@Article{babriely2003,
  Title                    = {Competitive on-line coverage of grid environments by a mobile robot},
  Author                   = {Y. Gabriely and E. Rimon},
  Journal                  = {Computational Geometry: Theory \& Applications},
  Year                     = {2003},
  Month                    = {April},
  Number                   = {3},
  Pages                    = {197-224},
  Volume                   = {24}
}

@Article{bachrach2012-IJRR,
  Title                    = {Estimation, planning, and mapping for autonomous flight using an RGB-D camera in GPS-denied environments},
  Author                   = {Bachrach, Abraham and Prentice, Samuel and He, Ruijie and Henry, Peter and Huang, Albert S and Krainin, Michael and Maturana, Daniel and Fox, Dieter and Roy, Nicholas},
  Journal                  = {The International Journal of Robotics Research},
  Year                     = {2012},
  Number                   = {11},
  Pages                    = {1320--1343},
  Volume                   = {31}
}

@Article{backer1999,
  Title                    = {A Theory of Single-Viewpoint Catadioptric Image Formation},
  Author                   = {S. Baker and S. K. Nayar},
  Journal                  = {International Journal of Computer Vision},
  Year                     = {1999},
  Month                    = {November},
  Number                   = {2},
  Pages                    = {175 - 196},
  Volume                   = {35}
}

@InCollection{Bai10-contstatePOMDP,
  Title                    = {Monte Carlo value iteration for continuous-state {POMDP}s},
  Author                   = {Bai, Haoyu and Hsu, David and Lee, Wee Sun and Ngo, Vien A},
  Booktitle                = {Algorithmic foundations of robotics IX},
  Publisher                = {Springer Berlin Heidelberg},
  Year                     = {2011},
  Editor                   = {Hsu, David and Isler, Volkan and Latombe, Jean-Claude and Lin, MingC.},
  Pages                    = {175--191},
  Series                   = {Springer Tracts in Advanced Robotics},
  Volume                   = {68}
}

@InCollection{Bajcsy2000,
  Title                    = {Real-time 3D-teleimmersion},
  Author                   = {Kostas Daniilidis and Jane Mulligan and Raymond McKendall and David Schmid and Gerda Kamberova and Ruzena Bajcsy},
  Booktitle                = {Confluence of computer vision and computer graphics},
  Publisher                = {Kluwer Academic Publishers, Norwell, MA, USA},
  Year                     = {2000},
  Pages                    = {253--265}
}

@Article{Ballard1981,
  Title                    = {Generalizing the Hough Transform to Detect Arbitrary Shapes},
  Author                   = {D. Ballard},
  Journal                  = {Pattern Recognition},
  Year                     = {1981},
  Month                    = {April},
  Number                   = {2},
  Pages                    = {111-122},
  Volume                   = {13}
}

@Book{Ballard1982,
  Title                    = {Computer Vision},
  Author                   = {D. Ballard and C. Brown},
  Publisher                = {Prentice-Hall},
  Year                     = {1982}
}

@InProceedings{barclay00microsoft,
  Title                    = {{Microsoft TerraServer}: a spatial data warehouse},
  Author                   = {Tom Barclay and Jim Gray and Don Slutz},
  Booktitle                = {ACM SIGMOD on Management of data, Dallas, TX},
  Year                     = {2000},
  Pages                    = {307--318}
}

@Article{Bares_1999_3050,
  Title                    = {Dante II: Technical Description, Results and Lessons Learned},
  Author                   = {John Bares and David Wettergreen},
  Journal                  = {International Journal of Robotics Research},
  Year                     = {1999},
  Month                    = {July},
  Number                   = {7},
  Pages                    = {621-649},
  Volume                   = {18}
}

@InProceedings{bass1997,
  Title                    = {Experimental comparison of voting algorithms in cases of disagreement},
  Author                   = {J.M. Bass and G. Latif-Shabgahi and S. Bennett},
  Booktitle                = {Proceedings. 23rd Euromicro Conference: New Frontiers of Information Technology},
  Year                     = {1997}
}

@Article{basu1997,
  Title                    = {Active camera calibration using pan, tilt and roll},
  Author                   = {A. Basu and K. Ravi},
  Journal                  = {IEEE Transactions on Systems, Man, and Cybernetics},
  Year                     = {1997},
  Month                    = {June},
  Number                   = {3},
  Pages                    = {559-566},
  Volume                   = {27}
}

@InProceedings{Bay-eccv-2006,
  Title                    = {SURF: Speeded Up Robust Features},
  Author                   = {Herbert Bay and Tinne Tuytelaars and Luc Van Gool},
  Booktitle                = {9th European Conference on Computer Vision (ECCV)},
  Year                     = {2006},
  Address                  = {Graz, Austria},
  Month                    = {May},
  Pages                    = {404--417}
}

@Book{bazaraa1993,
  Title                    = {Nonlinear Programming: Theory and Algorithms},
  Author                   = {M.S. Bazaraa and H.D. shelrali and C.M. Shetty},
  Publisher                = {John Wiley and Sons, Inc},
  Year                     = {1993}
}

@InProceedings{bekey00,
  Title                    = {Collective localization: a distributed Kalman filter approach to localization of groups of mobile robots},
  Author                   = {S. Roumeliotis and G. Bekey},
  Booktitle                = {IEEE International Conference on Robotics and Automation},
  Year                     = {2000},
  Month                    = {April}
}

@Book{Bellman57,
  Title                    = {Dynamic Programming},
  Author                   = {Richard Bellman},
  Publisher                = {Princeton University Press},
  Year                     = {1957},
  Address                  = {Princeton, NJ}
}

@Article{ben1980,
  Title                    = {Multidimensional Divide-and-Conquer},
  Author                   = {J. L. Bentley},
  Journal                  = {Communication of the ACM},
  Year                     = {1980},
  Month                    = {April},
  Number                   = {4},
  Pages                    = {214-229},
  Volume                   = {23}
}

@Book{Benosman2001,
  Title                    = {Panoramic Vision},
  Author                   = {R. Benosman and S. B. Kang},
  Publisher                = {Springer, New York},
  Year                     = {2001}
}

@Article{bensana1999,
  Title                    = {Benchmark Problems : Earth Observation Satellite Management},
  Author                   = {E. Bensana, M. Lemaitre and G. Verfaillie},
  Journal                  = {{CONSTRAINTS:} An International Journal},
  Year                     = {1999},
  Number                   = {3},
  Pages                    = {293-299},
  Volumne                  = {4}
}

@Article{BensanaLemaitre1999,
  Title                    = {Earth Observation Satellite Management},
  Author                   = {E. Bensana and M. Lema\^{\i}tre},
  Journal                  = {In Constaints: An International Journal},
  Year                     = {1999},
  Number                   = {3},
  Pages                    = {293-299},
  Volume                   = {4}
}

@InProceedings{Berg10,
  Title                    = {{LQG-MP}: Optimized path planning for robots with motion uncertainty and imperfect state information},
  Author                   = {Jur {van den Berg} and Pieter Abbeel and Ken Goldberg},
  Booktitle                = {Proceedings of Robotics: Science and Systems (RSS)},
  Year                     = {2010},
  Address                  = {Zaragoza, Spain},
  Month                    = {June}
}

@Article{Berg11-IJRR,
  Title                    = {{LQG-MP}: Optimized Path Planning for Robots with Motion Uncertainty and Imperfect State Information},
  Author                   = {Jur {van den Berg} and Pieter Abbeel and Ken Goldberg},
  Journal                  = {IJRR},
  Year                     = {2011},
  Number                   = {7},
  Pages                    = {895-913},
  Volume                   = {30}
}

@InProceedings{Berg11-isrr,
  Title                    = {Motion Planning under Uncertainty using Differential Dynamic Programming in Belief Space},
  Author                   = {Jur van den Berg and Sachin Patil and Ron Alterovitz},
  Booktitle                = {Proc. of International Symposium of Robotics Research, (ISRR)},
  Year                     = {2011},
  Address                  = {Flagstaff, AZ}
}

@InProceedings{Berg12AAAI,
  Title                    = {Efficient Approximate Value Iteration for Continuous {G}aussian {POMDP}s},
  Author                   = {Jur van den Berg and Sachin Patil and Ron Alterovitz},
  Booktitle                = {Proceedings of AAAI Conference on Artificial Intelligence (AAAI)},
  Year                     = {2012},
  Address                  = {Toronto, Canada}
}

@InProceedings{Berg2007kinodynamicPRM,
  Title                    = {Kinodynamic motion planning on roadmaps in dynamic environments},
  Author                   = {van den Berg, J. and Overmars, M.},
  Booktitle                = {IEEE/RSJ International Conference on Intelligent Robots and System (IROS)},
  Year                     = {2007},
  Address                  = {San Diego, CA},
  Organization             = {IEEE},
  Pages                    = {4253--4258}
}

@InCollection{Berg2011lqg-needle,
  Title                    = {{LQG}-based planning, sensing, and control of steerable needles},
  Author                   = {Van Den Berg, Jur and Patil, Sachin and Alterovitz, Ron and Abbeel, Pieter and Goldberg, Ken},
  Booktitle                = {Algorithmic Foundations of Robotics IX},
  Publisher                = {Springer Berlin Heidelberg},
  Year                     = {2011},
  Pages                    = {373--389}
}

@Article{bernard1999,
  Title                    = {Robotic system for collaborative control in minally invaive surgery},
  Author                   = {C. Bernard and H. Kang and S. K. Sigh and J.T. Wen},
  Journal                  = {Industrial Robot: An international Journal},
  Year                     = {1999},
  Number                   = {6},
  Pages                    = {476-484},
  Volume                   = {26}
}

@Article{Bertozzi2002,
  Title                    = {Artificial Vision in Road Vehicles},
  Author                   = {M. Bertozzi and A. Broggi and M. Cellario and A. Fascioli and P. Lombardi and M. Porta},
  Journal                  = {Proceedings of IEEE},
  Year                     = {2002},
  Month                    = {July},
  Number                   = {7},
  Pages                    = {1258--1271},
  Volume                   = {90}
}

@Article{bertozzi98,
  Title                    = {GOLD: A parallel Real-time Stereo Vision System for Generic Obstacle and Lane Detection},
  Author                   = {M. Bertozzi and A. Broggi},
  Journal                  = {IEEE Transaction on Image Processing},
  Year                     = {1998},
  Month                    = {January},
  Number                   = {1},
  Pages                    = {62-81},
  Volume                   = {7}
}

@Book{Bertsekas07,
  Title                    = {Dynamic Programming and Optimal Control: 3rd Ed.},
  Author                   = {Dimitri Bertsekas},
  Publisher                = {Athena Scientific Belmont, MA},
  Year                     = {2007}
}

@Book{Bertsekas76,
  Title                    = {Dynamic programming and stochastic control},
  Author                   = {Bertsekas, Dimitri P},
  Publisher                = {Academic Press (New York)},
  Year                     = {1976}
}

@Article{bettertogether01,
  Title                    = {www.bettertogether.com},
  Author                   = {R. Putnam and S. Goldsmith},
  Year                     = {2001},
  Organization             = {Saguaro Seminar, Harvard Univerisity}
}

@Book{Betts10,
  Title                    = {Practical methods for optimal control and estimation using nonlinear programming: 2nd Edition},
  Author                   = {John Betts},
  Publisher                = {SIAM},
  Year                     = {2010}
}

@Book{Bittanti09-book,
  Title                    = {Periodic Systems: Filtering and Control},
  Author                   = {Bittanti, Sergio and Colaneri, Patrizio},
  Publisher                = {London: Springer London},
  Year                     = {2009}
}

@Article{Bittanti94-cyclostationary,
  Title                    = {Representation, prediction, and identification of cyclostationary processes: a state-space approach},
  Author                   = {S. Bittanti and P. Bolzern and G. {De Nicolao} and L. Piroddi},
  Journal                  = {in: W.A.Gardner (Ed.), Cyclostationarity in Communications and Signal Processing, IEEE Press, New York, NY},
  Year                     = {1994, pp. 267-–295 (Chapter 5)}
}

@Article{Blackman2004,
  Title                    = {Multiple hypothesis tracking for multiple target tracking},
  Author                   = {S. Blackman},
  Journal                  = {IEEE Aerospace and Electronic Systems Magazine},
  Year                     = {2004},
  Month                    = {January},
  Number                   = {1},
  Pages                    = {5-18},
  Volume                   = {19}
}

@Article{Blackmore10,
  Title                    = {A probabilistic particle control approximation of chance constrained stochastic predictive control},
  Author                   = {Lars Blackmore and Masahiro Ono and Askar Bektassov and Brian C. Williams},
  Journal                  = itra,
  Year                     = {201?},
  Month                    = {???},
  Number                   = {?},
  Pages                    = {???-???},
  Volume                   = {??}
}

@InProceedings{blough90,
  Title                    = {A Comparison of Voting Strategies for Fault-Tolerant Distributed Systems},
  Author                   = {D. M. Blough and G. F.Sullivan},
  Booktitle                = {9th Symposium on Reliable Distributed Systems},
  Year                     = {1990}
}

@InProceedings{bohlin00lazyPRM,
  Title                    = {Path planning using lazy {PRM}},
  Author                   = {Bohlin, Robert and Kavraki, Lydia E},
  Booktitle                = {IEEE International Conference on Robotics and Automation},
  Year                     = {2000},
  Address                  = {San Francisco, CA}
}

@PhdThesis{Bohlin-phd02,
  Title                    = {Robot Path Planning},
  Author                   = {R. Bohlin},
  School                   = {Chalmers University of Technology, Goteborg, Sweden},
  Year                     = {2002}
}

@Book{bohringer2000,
  Title                    = {Distributed Manipulation},
  Editor                   = {K. F. Bohringer and H. Choset},
  Publisher                = {Kluwer Academic Publishers},
  Year                     = {2000}
}

@Article{Borenstein1991,
  Title                    = {The Vector Field Histogram- Fast Obstacle Avoidance for Mobile Robots},
  Author                   = {J. Borenstein and Y. Koren,},
  Journal                  = {IEEE Journal of Robotics and Automation},
  Year                     = {1991},
  Month                    = {June},
  Number                   = {3},
  Pages                    = {278-288},
  Volume                   = {7}
}

@InProceedings{bottazzi2002,
  Title                    = {A Software Framework Based on Real Time {COBRA} for Telerobotics Systems},
  Author                   = {S. Bottazzi and S. Caselli and M. Reggiani and M. Amoretti},
  Booktitle                = {IEEE/RSJ International Conference on Intelligent Robots and Systems, EPFL, Lausanne, Switzerland},
  Year                     = {2002},
  Month                    = {October}
}

@Article{Boutayeb1997,
  Title                    = {Convergence Analysis of the Extended Kalman Filter Used as an Observer for Nonlinear Deterministic Discrete-Time Systems},
  Author                   = {M. Boutayeb and H. Rafaralahy and M. Darouach},
  Journal                  = {IEEE Transactions on Automatic Control},
  Year                     = {1997},
  Month                    = {April},
  Number                   = {4},
  Pages                    = {581-586},
  Volume                   = {42}
}

@InProceedings{bremner96incremental,
  Title                    = {Incremental Convex Hull Algorithms Are Not Output Sensitive},
  Author                   = {Bremner},
  Booktitle                = {{ISAAC}: 7th International Symposium on Algorithms and Computation (formerly {SIGAL} International Symposium on Algorithms), Organized by Special Interest Group on Algorithms ({SIGAL}) of the Information Processing Society of Japan ({IPSJ}) and the Technical Group on Theoretical Foundation of Computing of the Institute of Electronics, Information and Communication Engineers ({IEICE}))},
  Year                     = {1996},
  URL                      = {citeseer.nj.nec.com/bremner96incremental.html}
}

@InCollection{brockett83asymptotic,
  Title                    = {Asymptotic Stability and Feedback Stabilization},
  Author                   = {Roger W. Brockett},
  Booktitle                = {Differential Geometric Control Theory},
  Publisher                = {Birkhauser},
  Year                     = {1983},
  Address                  = {Boston},
  Editor                   = {R. W. Brockett, R. S. Millman and H. J. Sussmann},
  Pages                    = {181--191}
}

@Article{broder00minwise,
  Title                    = {Min-Wise Independent Permutations},
  Author                   = {A. Z. Broder and M. Charikar and A.M. Frieze and M.Mitzenmacher},
  Journal                  = {Special Issue for STOC, Journal of Computer and System Sciences},
  Year                     = {2000},
  Number                   = {3},
  Pages                    = {630-659},
  Volume                   = {60},
  URL                      = {citeseer.nj.nec.com/broder98minwise.html}
}

@Article{broder90strategies,
  Title                    = {Strategies for Efficient Incremental Nearest Neighbor Search},
  Author                   = {A.J. Broder},
  Journal                  = {PATREC: Pattern Recognition, Pergamon Press},
  Year                     = {1990},
  Pages                    = {171-178},
  Volume                   = {23}
}

@InProceedings{broder98resemblance,
  Title                    = {On the Resemblance and Containment of Documents},
  Author                   = {A.Z. Broder},
  Booktitle                = {Proceedings of Compression and Complexity of SEQUENCES 1997, Positano, Italy, IEEE Comput. Soc.},
  Year                     = {1998},
  Month                    = {March},
  Pages                    = {21-29}
}

@Article{Broggi95,
  Title                    = {Vision-Based Road Detection in Automotive Systems: A Real-Time Expectation-Driven Approach},
  Author                   = {A. Broggi and S. Berte},
  Journal                  = {Journal of Artificial Intelligence Research},
  Year                     = {1995},
  Pages                    = {325-348},
  Volume                   = {3}
}

@InProceedings{brooks2001,
  Title                    = {The Visual Acts model for automated camera placement during teleoperation},
  Author                   = {B.G. Brooks BG and G. T. McKee},
  Booktitle                = {IEEE International International Conference on Robotics and Automation (ICRA 2001), Korea},
  Year                     = {2001},
  Month                    = {5}
}

@Book{brooks98,
  Title                    = {Multi-Sensor Fusion},
  Publisher                = {Prentice Hall},
  Year                     = {June, 1998},
  Altauthor                = {R. R. Brooks and S. S. Iyengar}
}

@InProceedings{brookshire2004,
  Title                    = {Priliminary Results in Sliding Autonomy for Assembly by Coordinated Teams},
  Author                   = {J. Brookshire and S. Singh and R. Simmons},
  Booktitle                = {IEEE/RSJ Internetional Conference on Intelligent Robots and Systems, Sendai, Japan},
  Year                     = {2004},
  Month                    = {Oct.},
  Pages                    = {706-711}
}

@InProceedings{brown03,
  Title                    = {Recognising Panoramas},
  Author                   = {M. Brown and D. Lowe},
  Booktitle                = {Proceedings of IEEE International Conference on Computer Vision, Nice, France},
  Year                     = {2003},
  Month                    = {Oct.},
  Pages                    = {1218-1225},
  Volume                   = {2}
}

@Article{brown1971,
  Title                    = {Close-range camera calibration},
  Author                   = {D.C. Brown},
  Journal                  = {Photogrammetric Engineering},
  Year                     = {1971},
  Number                   = {8},
  Pages                    = {855-866},
  Volume                   = {37}
}

@Article{brown2003,
  Title                    = {Advances in Computational Stereo},
  Author                   = {M. Z. Brown and D. Burschka and G. D. Hager},
  Journal                  = {IEEE Transactions on Pattern Analysis and Machine Intelligence},
  Year                     = {2003},
  Month                    = {Aug.},
  Number                   = {8},
  Pages                    = {993-1008},
  Volume                   = {25}
}

@InProceedings{Bry11,
  Title                    = {Rapidly-exploring random belief trees for motion planning under uncertainty},
  Author                   = {Bry, Adam and Roy, Nicholas},
  Booktitle                = {IEEE International Conference on Robotics and Automation (ICRA)},
  Year                     = {2011},
  Address                  = {Shanghai, China},
  Pages                    = {723--730}
}

@Article{bug2005,
  Title                    = {http://bugscope.beckman.uiuc.edu/},
  Author                   = {D. E. Weber and B. Grosser and G. Fried},
  Year                     = {2005}
}

@Article{Buluswar98,
  Title                    = {Color machine vision for autonomous vehicles},
  Author                   = {S.D. Buluswar and B.A. Draper},
  Journal                  = {International Journal for Engineering Applications of Artificial Intelligence},
  Year                     = {1998},
  Number                   = {2},
  Pages                    = {245-256},
  Volume                   = {1}
}

@InProceedings{burgard1998,
  Title                    = {The interactive museum tour-guide robot},
  Author                   = {W. Burgard and A. B. Cremers and D. Fox and D. H\&\#228;hnel and G. Lakemeyer and D. Schulz and W. Steiner and S. Thrun},
  Booktitle                = {AAAI '98/IAAI '98: Proceedings of the fifteenth national/tenth conference on Artificial intelligence/Innovative applications of artificial intelligence},
  Year                     = {1998},
  Address                  = {Menlo Park, CA, USA},
  Pages                    = {11--18},
  Publisher                = {American Association for Artificial Intelligence},
  ISBN                     = {0-262-51098-7},
  Location                 = {Madison, Wisconsin, United States}
}

@InProceedings{butler2001,
  Title                    = {Distributed Motion Planning for Modular Robots with Unit-compressible Modules},
  Author                   = {Z. Butler and S. Byrnes and D. Rus},
  Booktitle                = {IEEE/RSJ International Conference on Intelligent Robots and System (IROS)},
  Year                     = {2001},
  Month                    = {Oct./Nov.},
  Pages                    = {790-796},
  Volume                   = {2}
}

@Article{can1993,
  Title                    = {Incremental clustering for dynamic information processing},
  Author                   = {F. Can},
  Journal                  = {ACM Transactions on Information Systems},
  Year                     = {1993},
  Number                   = {2},
  Pages                    = {143-164},
  Volume                   = {10}
}

@Article{can1996,
  Title                    = {Incremental clustering for very large document databases: initial Marian experience},
  Author                   = {F. Can and E. A. Fox and C.D. Snavely and R.K. France},
  Journal                  = {Information Science},
  Year                     = {1996},
  Pages                    = {101-114},
  Volume                   = {60}
}

@InProceedings{Candido10,
  Title                    = {Exploiting Domain Knowledge in Planning for Uncertain Robot systems modeled as {POMDP}s},
  Author                   = {Salvatore Candido and James Davidson and Seth Hutchinson},
  Booktitle                = ICRA,
  Year                     = {2010},
  Month                    = {May}
}

@Unpublished{canonsites,
  Title                    = {{\bf http://www.x-zone.canon.co.jp/WebView-E/all/list.htm}},
  Author                   = {Canon},
  Year                     = {2003}
}

@InProceedings{cassier02,
  Title                    = {Combination of Vision Servoing Techniques and VR-based Simulation for Semi-Autonmous Microassembly Workstation},
  Author                   = {C. Cassier and A. Ferreira and S. Hirai},
  Booktitle                = {IEEE International Conference on Robotics and Automation (ICRA), Washington DC, US},
  Year                     = {2002},
  Month                    = {May}
}

@Article{catherine2001,
  Title                    = {Peer instruction: Ten years of experience and results},
  Author                   = {C. H. Crouch and E. Mazur},
  Journal                  = {Americian Journal of Physices},
  Year                     = {2001},
  Month                    = {September},
  Number                   = {9},
  Pages                    = {970-977},
  Volume                   = {69}
}

@InProceedings{censi08ppu,
  Title                    = {A {B}ayesian framework for optimal motion planning with uncertainty },
  Author                   = {Andrea Censi and Daniele Calisi and Alessandro De Luca and Giuseppe Oriolo},
  Booktitle                = {Proceedings of the {IEEE} International Conference on Robotics and Automation ({ICRA})},
  Year                     = {2008},
  Address                  = {Pasadena, CA},
  Month                    = {May},
  DOI                      = {10.1109/ROBOT.2008.4543469},
  Pdf                      = {http://purl.org/censi/research/2008-icra-ppu.pdf}
}

@Article{chabat1999,
  Title                    = {A corner orientation detector},
  Author                   = {F. Chabat and G. Yang and D. Hansell},
  Journal                  = {Image and Vision Computing},
  Year                     = {1999},
  Number                   = {17},
  Pages                    = {761-769}
}

@Article{Chades08-species,
  Title                    = {When to stop managing or surveying cryptic threatened species},
  Author                   = {I. Chad{\`{e}}s and E. Mc{D}onald-{M}adden and M. Mc{C}arthy and B. Wintle and M. Linkie and H. Possingham},
  Journal                  = {National Academy of Sciences of the USA},
  Year                     = {2008},
  Number                   = {37},
  Pages                    = {13936-13940},
  Volume                   = {105}
}

@InProceedings{Chakrav09,
  Title                    = {Generalized sampling based motion planners with application to nonholonomic systems},
  Author                   = {Suman Chakravorty and Sandip Kumar},
  Booktitle                = {Proceedings of the IEEE Internation Conference on Systems, Man, and Cybernetics},
  Year                     = {2009},
  Address                  = {San Antonio, TX},
  Month                    = {October}
}

@Article{Chakrav11,
  Title                    = {Generalized Sampling-Based Motion Planners},
  Author                   = {Suman Chakravorty and Sandip Kumar},
  Journal                  = {IEEE Transactions on Systems, Man, and Cybernetics, Part B},
  Year                     = {2011},
  Number                   = {3},
  Pages                    = {855-866},
  Volume                   = {41},
  Bibsource                = {DBLP, http://dblp.uni-trier.de},
  EE                       = {http://dx.doi.org/10.1109/TSMCB.2010.2098438}
}

@InProceedings{Chakrav11-IRHC,
  Title                    = {Information space receding horizon control},
  Author                   = {Chakravorty, Suman and Erwin, R.S.},
  Booktitle                = {IEEE Symposium on Adaptive Dynamic Programming And Reinforcement Learning (ADPRL)},
  Year                     = {2011},
  Address                  = {Paris, France},
  Month                    = {April},
  Pages                    = {302-309}
}

@InProceedings{chan1999,
  Title                    = {Hierarchical Cubes for Range-Sum Queries},
  Author                   = {C. Chan and Y.E. Ioannidis},
  Booktitle                = {Proceedings of the Twenty-Fifth International Conference on Very Large Data Bases (VLDB), Edinburgh, Scotland, UK},
  Year                     = {1999},
  Month                    = {Sep.},
  Pages                    = {675-686}
}

@InProceedings{chaudhari-ACC13,
  Title                    = {Sampling-based Algorithms for Continuous-time {POMDP}s},
  Author                   = {Chaudhari, Pratik and Karaman, Sertac and Hsu, David and Frazzoli, Emilio},
  Booktitle                = {the American Control Conference (ACC)},
  Year                     = {2013},
  Address                  = {Washington DC}
}

@InProceedings{Chen06,
  Title                    = {Implementation of an Update Scheme for Monocular Visual SLAM},
  Author                   = {Z. Chen and R. Rodrigo and J. Samarabandu},
  Booktitle                = {International Conference on Information and Automation},
  Year                     = {2006},
  Month                    = {Dec.},
  Pages                    = {212-217}
}

@InProceedings{chen2000,
  Title                    = {Wide area camera calibration using virtual calibration objects},
  Author                   = {X. Chen and J. Davis and P. Slusallek},
  Booktitle                = {IEEE Conference on Computer Vision and Pattern Recognition},
  Year                     = {2000},
  Month                    = {June},
  Pages                    = {520-527}
}

@InProceedings{Cheng05,
  Title                    = {Visual Odometry on the Mars Exploration Rovers},
  Author                   = {Y. Cheng and M. Maimone and L. Matthies},
  Booktitle                = {2005 IEEE International Conference on Systems, Man and Cybernetics},
  Year                     = {2005},
  Month                    = {Oct.},
  Pages                    = {903- 910},
  Volume                   = {1}
}

@TechReport{chiang91dynamic,
  Title                    = {Dynamic Algorithms in Computational Geometry},
  Author                   = {Yi-Jen Chiang and Roberto Tamassia},
  Year                     = {1991},
  Number                   = {CS-91-24},
  URL                      = {citeseer.nj.nec.com/chiang92dynamic.html}
}

@Book{Choset05,
  Title                    = {Principles of robot motion: theory, algorithms, and implementations},
  Author                   = {H. Choset and K. M. Lynch and S. Hutchinson and G. Kantor and W. Burgard and L. E. Kavraki and S. Thrun},
  Publisher                = {MIT Press, Cambridge, MA},
  Year                     = {2005}
}

@TechReport{christofides76,
  Title                    = {Worst-case analysis of a new heuristic for the traveling salesman problem},
  Author                   = {N. Christofides},
  Institution              = {Technical Report 388, GSIA, Carnegie-Mellon University, Pittsburgh, PA},
  Year                     = {1976}
}

@InProceedings{clady2001,
  Title                    = {Object Tracking with a Pan-Tilt-Zoom Camera: application to car driving assistance},
  Author                   = {X. Clady and F. Collange and F. Jurie and P. Martinet},
  Booktitle                = {IEEE International Conference on Robotics and Automation (ICRA), Seoul, Korea},
  Year                     = {2001},
  Month                    = {May},
  Pages                    = {1653--1658}
}

@Article{clarke1998,
  Title                    = {The development of camera calibration methods and models},
  Author                   = {T.A. Clarke and J.G. Fryer},
  Journal                  = {Photogrammetric Record},
  Year                     = {1998},
  Number                   = {9},
  Pages                    = {51-66},
  Volume                   = {16}
}

@Article{clarkson89applications,
  Title                    = {Applications of Random Sampling in Computational Geometry, {II}.},
  Author                   = {K. L. Clarkson and P. W. Shor},
  Journal                  = {Discrete and Computational Geometry},
  Year                     = {1989},
  Number                   = {1},
  Pages                    = {387--421},
  Volume                   = {4},
  URL                      = {citeseer.nj.nec.com/clarkson95applications.html}
}

@InProceedings{Clemente07,
  Title                    = {Mapping Large Loops with a Single Hand-held Camera},
  Author                   = {L. Clemente and A. Davison and I. Reid and J. Neira and J. Tardos},
  Booktitle                = {Robotics: Science and Systems},
  Year                     = {2007},
  Month                    = {May}
}

@Article{Colaneri92,
  Title                    = {{LQG} optimal control for multirate samled-data systems},
  Author                   = {P. Colaneri and R. Scattolini and N. Schiavoni},
  Journal                  = {IEEE Transactions on Automatic Control},
  Year                     = {1992},
  Number                   = {5},
  Pages                    = {675-682},
  Volume                   = {37}
}

@TechReport{collins1998,
  Title                    = {Calibration of an Outdoor Active Camera},
  Author                   = {R. T. Collins and Y. Tsin},
  Institution              = {CMU-RI-TR-98-36, The Robotics Institute, Carnegie Mellon University},
  Year                     = {1998}
}

@Article{Collins2000,
  Title                    = {Introduction to Special Section on Video Surveillance},
  Author                   = {R. Collins and A. Lipton and T. Kanade},
  Journal                  = {IEEE Transactions on Pattern Analysis and Machine Intelligence},
  Year                     = {2000},
  Month                    = {Aug.},
  Number                   = {8},
  Pages                    = {745-746},
  Volume                   = {22}
}

@InProceedings{Comport07,
  Title                    = {Accurate Quadrifocal Tracking for Robust {3D} Visual Odometry},
  Author                   = {A. Comport and E. Malis and P. Rives},
  Booktitle                = {IEEE International Conference on Robotics and Automation},
  Year                     = {2007},
  Address                  = {Roma, Italy},
  Month                    = {April},
  Pages                    = {40-45}
}

@Article{conway1990,
  Title                    = {Teleautonomous Systems: Projecting and Coordinating Intelligent Action at a Distance},
  Author                   = {L. Conway and R. A. Volz and M. W. Walker},
  Journal                  = {IEEE Transactions on Robotics and Automation},
  Year                     = {1990},
  Month                    = {Appl.},
  Number                   = {20},
  Pages                    = {146-158},
  Volume                   = {6}
}

@Article{corba2005,
  Title                    = {http://www.corba.org},
  Author                   = {CORBA},
  Year                     = {2005}
}

@InProceedings{Corke04,
  Title                    = {Omnidirectional Visual Odometry for a Planetary Rover},
  Author                   = {P. Corke and D. Strelow and S. Singh},
  Booktitle                = {2004 IEEE/RSJ International Conference on Intelligent Robots and Systems},
  Year                     = {2004},
  Address                  = {Sendai, Japan},
  Month                    = {Sep.},
  Pages                    = {4007-4012}
}

@Book{cormen01,
  Title                    = {Introduction to Algorithms, Second Edition},
  Author                   = {Thomas H. Cormen and Charles E. Leiserson and Ronald L. Rivest and Clifford Stein},
  Publisher                = {MIT Press, Cambridge, MA},
  Year                     = {2001}
}

@InProceedings{Cosma2003,
  Title                    = {Laboratory Tools for Robotics and Automation Education},
  Author                   = {C. Cosma and M. Confente and D. Botturi and P. Fiorini},
  Booktitle                = {IEEE Internetional Conference on Robotics and Automation (ICRA), Taipei, ROC},
  Year                     = {2003},
  Month                    = {Sep.},
  Pages                    = {3303-3308}
}

@Article{course2006,
  Title                    = {http://www.tele-actor.net/RCH/},
  Author                   = {Alpha Lab},
  Year                     = {2004}
}

@Article{Cover67,
  Title                    = {Nearest Neighbor Pattern Classification},
  Author                   = {T.M. Cover and P.E Hart},
  Journal                  = {IEEE Transactions on Information Theory},
  Year                     = {1967},
  Pages                    = {21-27},
  Volume                   = {IT-13(1)}
}

@Article{cowan2002,
  Title                    = {Visual Servoing via Navigation Functions},
  Author                   = {N. J. Cowan and J. D. Weingarten and D. E. Koditschek},
  Journal                  = {IEEE Transactions on Robotics and Automation},
  Year                     = {2002},
  Month                    = {August},
  Number                   = {4},
  Pages                    = {521-533},
  Volume                   = {18}
}

@Article{Crane2005,
  Title                    = {http://magma. nationalgeographic. com/ ngm/ cranecam/cam.html},
  Author                   = {National\_Geographic},
  Year                     = {2005}
}

@InProceedings{Crisman91,
  Title                    = {UNSCARF, A Color Vision System for the Detection of Unstructured Roads},
  Author                   = {J. Crisman and C. Thorpe},
  Booktitle                = {Proceedings of IEEE International Conference on Robotics and Automation, Sacramento,CA},
  Year                     = {1991},
  Month                    = {April},
  Pages                    = {2496 - 2501},
  Volume                   = {3}
}

@Article{crittercam2005,
  Title                    = {http://www.nationalgeographic.com/crittercam/about.html},
  Author                   = {G. Marshall},
  Year                     = {2005}
}

@Book{Csikszentmihalyi1982,
  Title                    = {Beyond Boredom and Anxiety},
  Author                   = {M. Csikszentmihalyi},
  Publisher                = {Jossey-Bass Publishers},
  Year                     = {1982}
}

@Article{Cumani08,
  Title                    = {Fast Stereo-based Visual Odometry for Rover Navigation},
  Author                   = {A. Cumani and A. Guiducci},
  Journal                  = {Wseas Transactions on Circuits and Systems},
  Year                     = {2008},
  Month                    = {July},
  Number                   = {7},
  Pages                    = {648-657},
  Volume                   = {7}
}

@Article{dan2002,
  Title                    = {The 2-Center Problem with Obstacles},
  Author                   = {D. Halperin and M. Sharir and K. Goldberg},
  Journal                  = {Journal of Algorithms},
  Year                     = {2002},
  Month                    = {January},
  Pages                    = {109-134},
  Volume                   = {32}
}

@InProceedings{dannenberg00,
  Title                    = {An Audience-Interactive Multimedia Production on the Brain},
  Author                   = {R. Dannenberg and R. Fisher},
  Booktitle                = {Proceedings of the Connecticut College Symposium on Art and Technology},
  Year                     = {2001}
}

@Book{davies1997,
  Title                    = {Machine Vision: Theory, Algorithms, Practicalities, 2nd Edition},
  Editor                   = {E.R. Davies},
  Publisher                = {Academic Press},
  Year                     = {1997}
}

@Article{Davison07,
  Title                    = {MonoSLAM: Real-Time Single Camera SLAM},
  Author                   = {A. Davison and L. Reid and N. Molton and O. Stasse},
  Journal                  = {IEEE Transactions on Pattern Analysis and Machine Intelligence},
  Year                     = {2007},
  Month                    = {June},
  Number                   = {6},
  Pages                    = {1052-1067},
  Volume                   = {29}
}

@Book{dcohn95,
  Title                    = {Measure Theory},
  Editor                   = {D.L. Cohn},
  Publisher                = {Birkh�user Boston, Inc., Boston},
  Year                     = {1980}
}

@Book{deberg1991,
  Title                    = {Computational Geometry, Algorithms and Applications},
  Author                   = {M. de Berg and M. van Kreveld and M. Overmars and O. Schwarzkopf},
  Publisher                = {Springer},
  Year                     = {1991}
}

@InProceedings{Debus-icra02,
  Title                    = {Multi-Channel Vibrotactile Display for Teleoperated Assembly},
  Author                   = {T. Debus and T. Jang and P. Dupont and R. Howe},
  Booktitle                = {IEEE International Conference on Robotics and Automation (ICRA), Washington DC, US},
  Year                     = {2002},
  Month                    = {May}
}

@Article{deer2006,
  Title                    = {http://agebb.missouri.edu/news/ext/ showall.asp?story\_num=3490\&iln=662},
  Author                   = {U. of Missouri},
  Year                     = {2006}
}

@Book{delphi75,
  Title                    = {The Delphi Method: Techniques and Applications},
  Author                   = {H. Linstone and M. Turoff},
  Publisher                = {Addison-Wesley},
  Year                     = {1975},
  Note                     = {An excellent review can be found in: http://eies.njit.edu/~turoff/Papers/delphi3.html}
}

@InCollection{deLuca2001control,
  Title                    = {Control of wheeled mobile robots: An experimental overview},
  Author                   = {De Luca, Alessandro and Oriolo, Giuseppe and Vendittelli, Marilena},
  Booktitle                = {Ramsete},
  Publisher                = {Springer Berlin Heidelberg},
  Year                     = {2001},
  Pages                    = {181--226}
}

@Article{deon2005,
  Title                    = {Effects of radio-collar position and orientation on GPS radio-collar performance, and the implications of PDOP in data screening},
  Author                   = {R. D'EON and D. DELPARTE},
  Journal                  = {Journal of Applied Ecology},
  Year                     = {2005},
  Month                    = {March},
  Number                   = {2},
  Pages                    = {383 - 388},
  Volume                   = {42}
}

@Book{desmet2002,
  Title                    = {Design of Cam-E-leon, a run-time reconfigurable Web camera},
  Author                   = {D. Desmet and P. Avasare and P. Coene and S. Decneut and F. Hendrickx and T. Marescaux and J-Y. Mignolet and R. Pasko and P. Schaumont and D. Verkest},
  Editor                   = {E.F. Deprettere and J. Teich and S. Vassiliadis},
  Publisher                = {Springer-Verlag, Berlin, Germany},
  Year                     = {2002},
  Booktitle                = {Embedded processor design challenges.Systems, architectures, modeling, and simulation - SAMOS},
  Pages                    = {274-290}
}

@Article{Desouza02,
  Title                    = {Vision for Mobile Robot Navigation: A Survey},
  Author                   = {G. N. Desouza and A. C. Kak},
  Journal                  = {IEEE Transactions on Pattern Analysis and Machine Intelligence},
  Year                     = {2002},
  Month                    = {Feburuary},
  Number                   = {2},
  Pages                    = {237-267},
  Volume                   = {24}
}

@Article{Devroye81,
  Title                    = {A note on linear expected time algorithms for finding convex hulls},
  Author                   = {L. Devroye and G. T. Toussaint},
  Journal                  = {Computing},
  Year                     = {1981},
  Pages                    = {361-366},
  Volume                   = {26}
}

@InProceedings{dez-satellite2004a,
  Title                    = {An Exact Algorithm Optimizing Coverage-Resolution for Automated Satellite Frame Selection},
  Author                   = {D. Song and A. F. van der Stappen and K. Goldberg},
  Booktitle                = {IEEE International Conference on Robotics and Automation (ICRA), New Orleans, LA},
  Year                     = {2004},
  Month                    = {May}
}

@InProceedings{dial2003,
  Title                    = {Applications of {IKONOS} Imagery},
  Author                   = {G. Dial and J. Grodecki},
  Booktitle                = {ASPRS 2003 Annual Conference Proceedings, May 2003, Anchorage, Alaska, USA},
  Year                     = {2003}
}

@InProceedings{Dima04,
  Title                    = {Classifier Fusion for Outdoor Obstacle Detection},
  Author                   = {C. Dima and N. Vandapel and M. Hebert},
  Booktitle                = {Proceedings of IEEE International Conference on Robotics and Automation},
  Year                     = {2004},
  Month                    = {April},
  Pages                    = {665 - 671},
  Volume                   = {1}
}

@Book{dix98,
  Title                    = {Human-Computer Ineration, 2nd Edition},
  Editor                   = {A. Dix and J. Finlay and G. Abowd and R. Beale},
  Publisher                = {Prentice Hall Europe},
  Year                     = {1998}
}

@Article{dogar2012planning,
  Title                    = {A planning framework for non-prehensile manipulation under clutter and uncertainty},
  Author                   = {Dogar, Mehmet R and Srinivasa, Siddhartha S},
  Journal                  = {Autonomous Robots},
  Year                     = {2012},
  Number                   = {3},
  Pages                    = {217--236},
  Volume                   = {33},
  Publisher                = {Springer}
}

@InProceedings{donath99,
  Title                    = {Chat Circles},
  Author                   = {F. Viegas and J. Donath},
  Booktitle                = {ACM Conference on Computer Human Interaction},
  Year                     = {1999}
}

@InProceedings{Dorman1994,
  Title                    = {The servicing aid tool: A teleoperated robotics system for space applications},
  Author                   = {K. W. Dorman and J. L. Pullen and W. O. Keksz and P. H. Eismann and K. A. Kowalski and J. P. Karlen},
  Booktitle                = {The Seventh Annual Workshop on Space Operations Applications and Research (SOAR 1993), Johnson Space Center, Houston, TX},
  Year                     = {1994},
  Month                    = {Jan.},
  Volume                   = {1},
  Page                     = {144-155}
}

@InProceedings{Dornhege06,
  Title                    = {Visual Odometry for Tracked Vehicles},
  Author                   = {C. Dornhege and A. Kleiner},
  Booktitle                = {IEEE International Workshop on Safety, Security and Rescue Robotics},
  Year                     = {2006},
  Address                  = {Maryland, USA},
  Month                    = {Aug.}
}

@Book{Doucet01Book,
  Title                    = {Sequential Monte Carlo methods in practice},
  Author                   = {A. Doucet and J.F.G. de Freitas and N.J. Gordon},
  Publisher                = {New York: Springer},
  Year                     = {2001}
}

@Article{Douglass1989,
  Title                    = {The use of radio-telemetry to evaluate microhabitat selection by deer mice},
  Author                   = {R. Douglass},
  Journal                  = {Journal of Mammalogy},
  Year                     = {1989},
  Number                   = {3},
  Pages                    = {648-652},
  Volume                   = {70}
}

@Article{DR:SS:04,
  Title                    = { Robot and Sensor Networks for First Responders },
  Author                   = { V. Kumar and D. Rus and S. Singh },
  Journal                  = { IEEE Pervasive Computing },
  Year                     = { 2004 },
  Month                    = { October-December },
  Pages                    = { 24-33 },
  Modified                 = { 2007-06-08 10:03:20 -0400 }
}

@Book{dreyfus77,
  Title                    = {The Art and Theory of Dynamic Programming},
  Editor                   = {S.E. Dreyfus and A. M. Law},
  Publisher                = {Academic Press, INC},
  Year                     = {1977}
}

@InProceedings{Edwards96,
  Title                    = {Policies and roles in collaborative applications},
  Author                   = {W.K. Edwards},
  Booktitle                = {CSCW 96},
  Year                     = {1996}
}

@InProceedings{edwards96,
  Title                    = {Policies and roles in collaborative applications},
  Author                   = {W. K. Edwards},
  Booktitle                = {ACM Conference on Computer Supported Cooperative Work},
  Year                     = {1996}
}

@Article{eggert1997,
  Title                    = {Estimating 3-D rigid body transformations: a comparison of four major algorithms},
  Author                   = {D.W. Eggert and A. Lorusso and R.B. Fisher},
  Journal                  = {Machine Vision and Applications},
  Year                     = {1997},
  Number                   = {9},
  Pages                    = {272-290}
}

@Article{Eidenbenz2001,
  Title                    = {Inapproximability results for guarding polygons and terrains},
  Author                   = {S. Eidenbenz and C. Stamm and P. Widmayer},
  Journal                  = {Algorithmica},
  Year                     = {2001},
  Number                   = {1},
  Pages                    = {79-113},
  Volume                   = {31}
}

@Article{Eiler1995,
  Title                    = {A Remote Satellite-Linked Tracking System for Studying Pacific Salmon with Radio Telemetry},
  Author                   = {J. Eiler},
  Journal                  = {Transactions of the American Fisheries Society},
  Year                     = {1995},
  Month                    = {March},
  Number                   = {2},
  Pages                    = {184�193},
  Volume                   = {124}
}

@Article{Ekinci00,
  Title                    = {Knowledge-Based Navigation for Autonomous Road Vehicles},
  Author                   = {M. Ekinci and F. W. J. Gibbs and B. T. Thomas},
  Journal                  = {Turkish Journal of Electrical Engineering \& Computer Sciences },
  Year                     = {2000},
  Month                    = {May},
  Number                   = {1},
  Pages                    = {1-29},
  Volume                   = {8}
}

@InProceedings{Elhajj00,
  Title                    = {Multi-Site Internet-Based Cooperative Control of Robotic Operations},
  Author                   = {I. Elhajj and J. Tan and N. Xi and W.K. Fung and Y.H. Liu and T. Kaga and Y. Hasegawa and T. Fukuda},
  Booktitle                = IROS,
  Year                     = {2000},
  Month                    = {Unknown}
}

@InProceedings{eppstein1997,
  Title                    = {Fast Construciton of Planar Two-Centers},
  Author                   = {D. Eppstein},
  Booktitle                = {Proc. 8th ACM-SIAM Sympos. Discrete Algorithms},
  Year                     = {1997},
  Month                    = {January},
  Pages                    = {131-138}
}

@Article{erev1998,
  Title                    = {Predicting How People Play Games: Reinforcement Learning in Experimental Games with Unique, Mixed Strategy Equilibria},
  Author                   = {I. Erev and A. E. Roth},
  Journal                  = {American Economic Review},
  Year                     = {1998},
  Month                    = {September},
  Number                   = {4},
  Pages                    = {848-81},
  Volume                   = {88}
}

@InProceedings{Erez2010,
  Title                    = {A scalable method for solving high-dimensional continuous {POMDP}s using local approximation},
  Author                   = {Erez, Tom and Smart, William D},
  Booktitle                = {the International Conference on Uncertainty in Artificial Intelligence},
  Year                     = {2010},
  Address                  = {Catalina Island, California}
}

@InProceedings{ethier02,
  Title                    = {Telerobotic Part Assembly with Shared Visual Servo Control},
  Author                   = {S. Ethier and W. J. Wilson and C. Hulls},
  Booktitle                = {IEEE International Conference on Robotics and Automation (ICRA), Washington DC, US},
  Year                     = {2002},
  Month                    = {May}
}

@Article{faig1975,
  Title                    = {Calibration of close-range photogrammetry systems: Mathematical formulation},
  Author                   = {W. Faig},
  Journal                  = {Photogrammetric Engineering and Remote Sensing},
  Year                     = {1975},
  Number                   = {12},
  Pages                    = {1479-1486},
  Volume                   = {41}
}

@Book{faugeras1993,
  Title                    = {Three-dimensional computer vision: a geometric viewpoint},
  Editor                   = {O. Faugeras},
  Publisher                = {MIT Press, Cambridge, MA},
  Year                     = {1993}
}

@Book{faugeras2001,
  Title                    = {Geometry of multiple images},
  Editor                   = {O. Faugeras and Q.-T. Luong},
  Publisher                = {MIT Press, Cambridge, MA},
  Year                     = {2001}
}

@InProceedings{Ferraton08,
  Title                    = {surface Reconstruction of Transparent Objects by Polarization Imaging},
  Author                   = {M. Ferraton and C. Stolz and F. Meriaudeau},
  Booktitle                = {IEEE International Conference on Signal Image Technology and Internet Based Systems},
  Year                     = {2008}
}

@Article{Ferreira2004,
  Title                    = {Automatic Microassembly System Assisted by Vision Servoing and Virtual Reality},
  Author                   = {A. Ferreira and C. Cassier and S. Hirai},
  Journal                  = {IEEE/ASME TRANSACTIONS ON MECHATRONICS},
  Year                     = {2004},
  Month                    = {Jun.},
  Number                   = {2},
  Pages                    = {321-333},
  Volume                   = {9}
}

@Article{Fischler1981,
  Title                    = {Random sample consensus: a paradigm for model fitting with applications to image analysis and automated cartography},
  Author                   = {M. A. Fischler and R. C. Bolles},
  Journal                  = {Communications of the ACM},
  Year                     = {1981},
  Month                    = {June},
  Number                   = {6},
  Pages                    = {381-395},
  Volume                   = {24}
}

@Article{fisher98,
  Title                    = {Audience Interactivity: A Case Study in Three Perspectives},
  Author                   = {R. Fisher and P. Vanouse and R. Dannenberg and J. Christensen},
  Journal                  = {{\bf http://www.cs.cmu.edu:80/afs/cs.cmu.edu/user/rbd/www/papers/interactivity/interactivity.htm}},
  Year                     = {1998}
}

@Article{FisherVanouseDannenbergEtAl1998,
  Title                    = {Audience Interactivity: A Case Study in Three Perspectives},
  Author                   = {R. Fisher and P. Vanouse and R. Dannenberg and J. Christensen},
  Journal                  = {{\bf http://www.cs.cmu.edu:80/afs/cs.cmu.edu/user/rbd/www/papers/interactivity/interactivity.htm}},
  Year                     = {1998}
}

@Article{Fitzpatrick2005,
  Title                    = {Ivory-billed Woodpecker (Campephilus principalis) Persists in Continental North America},
  Author                   = {J. W. Fitzpatrick and M. Lammertink and D. Luneau and T. W. Gallagher and B. R. Harrison and G. M. Sparling and K. V. Rosenberg and R. W. Rohrbaugh and E. C. H. Swarthout and P. H. Wrege and S. B. Swarthout and M. S. Dantzker and R. A. Charif and T. R. Barksdale and J. V. Remsen and S. D. Simon and D. Zollner},
  Journal                  = {Science},
  Year                     = {2005},
  Month                    = {June},
  Number                   = {5727},
  Pages                    = {1460--1462},
  Volume                   = {308}
}

@Article{Fleet2000,
  Title                    = {Design and use of linear models for image motion analysis},
  Author                   = {D. J. Fleet and M. J. Black and Y. Yacoob and A. D. Jepson},
  Journal                  = {International Journal of Computer Vision},
  Year                     = {2000},
  Month                    = {Feb.-Mar.},
  Number                   = {3},
  Pages                    = {171\-93},
  Volume                   = {36}
}

@InProceedings{fong2001,
  Title                    = {Collaboration, Dialogue, and Human-robot interation},
  Author                   = {T. Fong and C. Thorpe and C. Baur},
  Booktitle                = {10th International Symposium of Robotics Research},
  Year                     = {2001}
}

@Article{fong2001a,
  Title                    = {Vehicle Teleoperation Interfaces},
  Author                   = {T. Fong and C. Thorpe},
  Journal                  = {Autonomous Robots},
  Year                     = {2001},
  Pages                    = {9-18},
  Volume                   = {11}
}

@InProceedings{foote2001,
  Title                    = {Enhancing Distance Learning with Panoramic Video},
  Author                   = {J. Foote and D. Kimber},
  Booktitle                = { Proceedings of the 34th Hawaii International Conference on System Sciences},
  Year                     = {2001}
}

@Article{Foresti1998,
  Title                    = {Object detection and tracking in time-varying and badly illuminated outdoor environments},
  Author                   = {G. L. Foresti},
  Journal                  = {Opt. Eng.},
  Year                     = {1998},
  Month                    = {September},
  Number                   = {9},
  Pages                    = {2550-2564},
  Volume                   = {37}
}

@Article{Foresti1999,
  Title                    = {Object Recognition and Tracking for Remote Video Surveillance},
  Author                   = {G. L. Foresti},
  Journal                  = {IEEE Transactions on Circuits and Systems for Vieo Technology},
  Year                     = {1999},
  Month                    = {October},
  Number                   = {7},
  Pages                    = {1045-1062},
  Volume                   = {9}
}

@Article{forsyth1991,
  Title                    = {Invariant Descriptors for 3-D Object Recognition and Pose},
  Author                   = {D. Forsyth and J. Mundy and A. Zisserman and C. Coelho and A. Heller and C. Rothwell},
  Journal                  = {IEEE Transactions on Pattern Analysis and Machine Intelligence},
  Year                     = {1991},
  Month                    = {October},
  Number                   = {10},
  Pages                    = {971-991},
  Volume                   = {13}
}

@Book{Forsyth2003,
  Title                    = {Computer Vision: A Modern Approach},
  Editor                   = {D.~Forsyth and J.~Fonce},
  Publisher                = {Prentice Hall, Upper Saddle River, NJ},
  Year                     = {2003}
}

@Article{fouard2005,
  Title                    = {3-D chamfer distances and norms in anisotropic grids},
  Author                   = {C\'eline Fouard and Gr\'egoire Malandain},
  Journal                  = {Image and Vision Computing},
  Year                     = {2005},
  Month                    = {February},
  Number                   = {2},
  Pages                    = {143--158},
  Volume                   = {23}
}

@InProceedings{Freeman2008,
  Title                    = {Combining Wireless Sensing With Precision GPS Tracking Of A Colonial Breeding Pelagic Seabird, The Manx Shearwater (Puffinus Puffinus)},
  Author                   = {R. Freeman},
  Booktitle                = {International Workshop on Distributed Sensing and Collective Intelligence in Biodiversity Monitoring, Dec. 3-5, Amsterdam, The Netherlands},
  Year                     = {2008}
}

@Article{Freiling01,
  Title                    = {Monotonicity and Convexity Properties of Matrix Riccati Equations},
  Author                   = {G. Freiling and V. Ionescu},
  Journal                  = {IMA Journal of Mathematical Control and Information},
  Year                     = {2001},
  Pages                    = {61-72},
  Volume                   = {18}
}

@PhdThesis{friz-phd,
  Title                    = {Design of an Augmented Reality User Interface for an Internet based Telerobot using Multiple Monoscopic Views},
  Author                   = {H. Friz},
  School                   = {Institute for Process and Production Control Techniques, Technical University of Clausthal Clausthal-Zellerfeld, Germany},
  Year                     = {2000}
}

@InProceedings{fu2004,
  Title                    = {A Novel Robot-Assisted Bonesetting System},
  Author                   = {L. Fu and Z. Du and L. Sun},
  Booktitle                = {IEEE/RSJ Internetional Conference on Intelligent Robots and Systems, Sendai, Japan},
  Year                     = {2004},
  Month                    = {Oct.},
  Pages                    = {2247-2252}
}

@InProceedings{Fung2003,
  Title                    = {Task Driven Dynamic QoS based Bandwidth Allcoation for Real-time Teleoperation via the Internet},
  Author                   = {W. Fung and N. Xi and W. Lo and B. Song and Y. Sun and Y. Liu and I. H. Elhajj},
  Booktitle                = {IEEE/RSJ International Conference on Intelligent Robots and Systems, Las Vegas, NV, US},
  Year                     = {2003},
  Month                    = {October}
}

@TechReport{gabrel1999,
  Title                    = {Improved linear programming bounds via column generation for daily scheduling of earth observation satellite},
  Author                   = {V. Gabrel},
  Institution              = {LIPN, University 13 Paris Nord},
  Year                     = {1999},
  Month                    = {January}
}

@Article{gamasutra,
  Title                    = {Rising from the Ranks:Rating for Multiplayer Games. \\http://www.gamasutra.com/features/20000209/kreimeier\textunderscore pfv.htm},
  Author                   = {B. Kreimeier}
}

@Article{garcia1989model,
  Title                    = {Model predictive control: theory and practice—a survey},
  Author                   = {Garcia, Carlos E and Prett, David M and Morari, Manfred},
  Journal                  = {Automatica},
  Year                     = {1989},
  Number                   = {3},
  Pages                    = {335--348},
  Volume                   = {25},
  Publisher                = {Elsevier}
}

@Article{gee2003,
  Title                    = {High Score Education},
  Author                   = {J. P. Gee},
  Journal                  = {Wired},
  Year                     = {2003},
  Month                    = {May},
  Number                   = {5},
  Volume                   = {11}
}

@InProceedings{geffner2000,
  Title                    = {The Dynamic Data Cube},
  Author                   = {S. Geffner and D. Agrawal and A. El Abbadi},
  Booktitle                = {EDBT, Conference on Extending Database Technology},
  Year                     = {2000},
  Month                    = {March},
  Pages                    = {237-253}
}

@InProceedings{gerkey2003player,
  Title                    = {The player/stage project: Tools for multi-robot and distributed sensor systems},
  Author                   = {Gerkey, Brian and Vaughan, Richard T and Howard, Andrew},
  Booktitle                = {11th International Conference on Advanced Robotics (ICAR)},
  Year                     = {2003},
  Address                  = {Coimbra, Portugal},
  Pages                    = {317--323},
  Volume                   = {1}
}

@Article{gevers1999,
  Title                    = {Colour based object recognition},
  Author                   = {T. Gevers and A. W. M. Smeulders},
  Journal                  = {Pattern Recognition},
  Year                     = {1999},
  Month                    = {Mar.},
  Pages                    = {453-464},
  Volume                   = {32}
}

@InProceedings{Ghodoussi-icra02,
  Title                    = {Robotic Surgery -- The Trnasalantic Case},
  Author                   = {M. Ghodoussi and S. e. Butner and Y. Wang},
  Booktitle                = {IEEE International Conference on Robotics and Automation (ICRA), Washington DC, US},
  Year                     = {2002},
  Month                    = {May},
  Pages                    = {1882-1888}
}

@Article{Gill-SQP-1984,
  Title                    = {Procedures for Optimization Problems with a Mixture of Bounds and General Linear Constraints},
  Author                   = {P. Gill and W. Murray and M. Saunders and M. Wright},
  Journal                  = {ACM Transactions on Mathematical Software},
  Year                     = {1984},
  Month                    = {September},
  Number                   = {3},
  Pages                    = {282--298},
  Volume                   = {10}
}

@InProceedings{Goense2008,
  Title                    = {The LOFAR infrastructure as basis for sensor networks in agriculture},
  Author                   = {D. Goense},
  Booktitle                = {International Workshop on Distributed Sensing and Collective Intelligence in Biodiversity Monitoring, Dec. 3-5, Amsterdam, The Netherlands},
  Year                     = {2008}
}

@Book{goffman1969,
  Title                    = {Strategic Interaction},
  Author                   = {E. Goffman},
  Publisher                = {University of Pennsylvania Press},
  Year                     = {1969}
}

@Article{goldberg2001,
  Title                    = {Eigentaste: A Constant Time Collaborative Filtering Algorithm},
  Author                   = {K. Goldberg and T. Roeder and D. Gupta and C. Perkins},
  Journal                  = {Information Retrieval Journal},
  Year                     = {2001},
  Month                    = {July},
  Number                   = {2},
  Page                     = {133-151},
  Vol                      = {4}
}

@InProceedings{goldberg2004-scoring,
  Title                    = {Unsupervised Scoring for Scalable Internet-Based Collaborative Teleoperation},
  Author                   = {K. Goldberg and D. Song and I. Y. Song and J. McGonigal and W. Zheng and D. Plautz},
  Booktitle                = {IEEE International Conference on Robotics and Automation (ICRA), New Orleans, LA, US},
  Year                     = {2004},
  Month                    = {April}
}

@InProceedings{goldberg95desktop,
  Title                    = {Desktop tele-operation via the world wide web},
  Author                   = {K. Goldberg and M. Mascha and S. Gentner and N. Rothenberg and C. Sutter and J. Wiegley},
  Booktitle                = {IEEE International Conference on Robotics and Automation, Nagoya, Japan.},
  Year                     = {1995},
  Month                    = {May},
  URL                      = {citeseer.ist.psu.edu/goldberg95desktop.html}
}

@Article{GoldbergChenSolomonEtAl2000,
  Title                    = {Collaborative Teleoperation via the Internet},
  Author                   = {K. Goldberg and B. Chen and R. Solomon and others},
  Journal                  = {IEEE International Conference on Robotics and Automation (ICRA)},
  Year                     = {2000},
  Pages                    = {2019},
  Volume                   = {1}
}

@Article{goldberg-xy,
  Title                    = {XY Interpolation Algorithms},
  Author                   = {K. Goldberg and M. Goldberg},
  Journal                  = {Robotics Age},
  Year                     = {August, 1984}
}

@Book{Gonzalez1992,
  Title                    = {Digital Image Processing},
  Author                   = {R. Gonzalez and R. Woods},
  Publisher                = {Addison-Wesley Publishing Company},
  Year                     = {1992}
}

@InProceedings{goodman2000,
  Title                    = {A Scalable, Distributed Algorithm for Allocating Workers in Embedded Systems in Embedded Systems},
  Author                   = {W. Agassounon and A. Martinoli and R. Goodman},
  Booktitle                = {Proceedings of IEEE International Conference on Systems, Man and Cybernetics Conference, Tucson, AZ, USA},
  Year                     = {2001},
  Month                    = {Oct.},
  Pages                    = {3367-3373},
  Volume                   = {5}
}

@InProceedings{gopal-icra02,
  Title                    = {Gripping Parts at Concave Vertices},
  Author                   = {K. Gopalakrishnan and K. Goldberg},
  Booktitle                = {IEEE International Conference on Robotics and Automation (ICRA), Washington DC, US},
  Year                     = {2002},
  Month                    = {May}
}

@InProceedings{Grady2013AMA,
  Title                    = {Automated Model Approximation for Robotic Navigation with {POMDP}s},
  Author                   = {Devin Grady and Mark Moll and Lydia E. Kavraki},
  Booktitle                = {ICRA},
  Year                     = {2013}
}

@InProceedings{griffin2003,
  Title                    = {Feedback Strategies for Shared Control in Dexterous Telemanipulation},
  Author                   = {W. B. Griffin and W. r. Provancher and M. R. Cutkosky},
  Booktitle                = {IEEE/RSJ International Conference on Intelligent Robots and Systems, Las Vegas, NV, US},
  Year                     = {2003},
  Month                    = {October},
  Pages                    = {2791-2796}
}

@InProceedings{Grossberg01,
  Title                    = {A General Imaging Model and a Method for Finding its Parameters},
  Author                   = {M. D. Grossberg and S. K. Nayar},
  Booktitle                = {The Eighth IEEE International Conference on Computer Vision},
  Year                     = {2001},
  Month                    = {July},
  Number                   = {2},
  Pages                    = {108-115},
  Vol                      = {2}
}

@TechReport{grossi00revised,
  Title                    = {Revised version of ``Efficient Cross-Trees for External Memory''},
  Author                   = {R. Grossi and G. F. Italiano},
  Year                     = {2000},
  Month                    = {Oct.},
  Number                   = {TR-00-16},
  URL                      = {citeseer.nj.nec.com/grossi00revised.html}
}

@InCollection{grossi99efficient,
  Title                    = {Efficient Cross-trees for External Memory},
  Author                   = {R. Grossi and G. F. Italiano},
  Booktitle                = {External Memory Algorithms and Visualization},
  Publisher                = {American Mathematical Society Press},
  Year                     = {1999},
  Address                  = {Providence, RI},
  Editor                   = {James Abello and Jeffrey Scott Vitter},
  Pages                    = {87-106},
  URL                      = {citeseer.nj.nec.com/grossi98efficient.html}
}

@InProceedings{Guibas08,
  Title                    = {Bounded Uncertainty roadmaps for path planning},
  Author                   = {L. Guibas and D. Hsu and H. Kurniawati and E. Rehman},
  Booktitle                = wafr,
  Year                     = {2008},
  Address                  = {Guanajuato, Mexico}
}

@InProceedings{guttman1984,
  Title                    = {R-Trees: A Dynamic Index Structure for Spatial Searching},
  Author                   = {A. Guttman},
  Booktitle                = {Proc. SIGMOD Conf., Boston, MA, USA},
  Year                     = {1984},
  Month                    = {June},
  Pages                    = {47-57}
}

@Unpublished{gwusites,
  Author                   = {{\bf http://gweb.gwu.edu/mod/camera/default.cfm}}
}

@InProceedings{habet2003,
  Title                    = {Saturated and Consistent Neighborhood for Selecting and Scheduling Photographs of Agile Earth Observing Satellite},
  Author                   = {D. Habet and M. Vasquez},
  Booktitle                = {MIC2003: The Fifth Metaheuristics Interntational Conference, Kyoto, Japan},
  Year                     = {2003},
  Month                    = {Aug}
}

@Article{hall1994,
  Title                    = {Maximizing the value of a space mission},
  Author                   = {N.G. Hall and M. J. Magazine},
  Journal                  = {European Journal of Operation Research},
  Year                     = {1994},
  Number                   = {78},
  Pages                    = {224-241}
}

@InProceedings{Halpin2008,
  Title                    = {OBIS-SEAMAP2.0: Developing a Biogeographic Information System for Monitoring Marine Mammals, Seabirds, and Sea Turtle Distribution and Abundance},
  Author                   = {P. Halpin and A. Read and E. Fujioka amd B. Best and B. Donnelly and C. Kot and A. Dimatteo and E. Labrecque and K. Urian},
  Booktitle                = {International Workshop on Distributed Sensing and Collective Intelligence in Biodiversity Monitoring, Dec. 3-5, Amsterdam, The Netherlands},
  Year                     = {2008}
}

@Book{hansen1995,
  Title                    = {Golobal Optimzation in Location,(Z. Drezner, Ed.)},
  Author                   = {P. Hansen and B. Jaumard and H. Tuy},
  Publisher                = {Springer-Verlag},
  Year                     = {1995}
}

@Article{hardin68,
  Title                    = {The Tragedy of the Commons},
  Author                   = {G. Hardin},
  Journal                  = {Science},
  Year                     = {1968},
  Number                   = {162},
  Pages                    = {1243-1248}
}

@InProceedings{har-peled-efficient,
  Title                    = {Efficient Algorithms for Shared Camera Control},
  Author                   = {Sariel Har-Peled and Vladlen Koltun and Dezhen Song and Ken Goldberg},
  Booktitle                = {19th ACM Symposium on Computational Geometry, San Diego, CA},
  Year                     = {2003},
  Month                    = {June},
  URL                      = {citeseer.nj.nec.com/har-peled02efficient.html}
}

@InProceedings{Harris88,
  Title                    = {A Conbined Corner and Edge Detector},
  Author                   = {C. Harris and M. Stephens},
  Booktitle                = {Proceedings of the 4th Alvey Vision Conference},
  Year                     = {1988},
  Pages                    = {147-151}
}

@InProceedings{harrison1999,
  Title                    = {Task scheduling for satellite based imagery},
  Author                   = {S.A. Harrison and M.E. Price},
  Booktitle                = {The Eighteenth Workshop of the UK Planning and Scheduling, Special Interest Group, University of Salford, Manchester, UK},
  Year                     = {1999},
  Month                    = {December},
  Pages                    = {64-78}
}

@Book{Hartley2000,
  Title                    = {Multiple View Geometry in computer vision},
  Author                   = {R. Hartley and A. Zisserman},
  Publisher                = {Cambridge Press},
  Year                     = {2000}
}

@Book{Hartley2004,
  Title                    = {Multiple View Geometry in Computer Vision, 2nd Edition},
  Author                   = {R. Hartley and A. Zisserman },
  Publisher                = {Cambridge University Press, Cambridge, UK},
  Year                     = {2004}
}

@Article{hartmann1994,
  Title                    = {Positive interaction in the elementary school},
  Author                   = {W. Hartmann and B. Rollett},
  Year                     = {1994},
  Pages                    = {195-202},
  Booktitle                = {Play and Intervention}
}

@InProceedings{hayes2001,
  Title                    = {Swarm Robotic Odor Localization},
  Author                   = {A.T. Hayes and A. Martinoli and R.M. Goodman},
  Booktitle                = {IEEE/RSJ International Conference on Intelligent Robots and System (IROS)},
  Year                     = {2001},
  Month                    = {Oct.},
  Pages                    = {1073-1078},
  Volume                   = {2}
}

@Article{Hayes2007,
  Title                    = {The Great Ivory-billed Woodpecker Debate: Perceptions of the Evidence},
  Author                   = {F. E. Hayes and W. K. Hayes},
  Journal                  = {Birding Magazine},
  Year                     = {2007},
  Month                    = {March/April},
  Number                   = {2},
  Pages                    = {36--41},
  Volume                   = {39}
}

@Article{He04,
  Title                    = {Color-Based Road Detection in Urban Traffic Scenes},
  Author                   = {Y. He and H. Wang and B. Zhang },
  Journal                  = {IEEE Transactions on Intelligent Transportation Systems},
  Year                     = {2004},
  Month                    = {December},
  Number                   = {4},
  Pages                    = {309- 318 },
  Volume                   = {5}
}

@InProceedings{He10AAAI,
  Title                    = {{PUMA}: Planning under Uncertainty with Macro-Actions},
  Author                   = {R. He and E. Brunskill and N. Roy},
  Booktitle                = {Proceedings of the Twenty-Fourth Conference on Artificial Intelligence (AAAI)},
  Year                     = {2010},
  Address                  = {Atlanta, GA}
}

@Article{He11JAIR,
  Title                    = {Efficient Planning under Uncertainty with Macro-actions},
  Author                   = {R. He and E. Brunskill and N. Roy},
  Journal                  = {Journal of Artificial Intelligence Research},
  Year                     = {2011},
  Month                    = {February},
  Pages                    = {523-570},
  Volume                   = {40}
}

@Article{Heath1989,
  Title                    = {Foraging ranges and movements of jackass penguins (Spheniscus demersus ) established through radio telemetry},
  Author                   = {R. Heath and R. Randall},
  Journal                  = {Journal of Zoology},
  Year                     = {1989},
  Number                   = {3},
  Pages                    = {367-379},
  Volume                   = {217}
}

@Article{Hedin2002,
  Title                    = {Using radio telemetry to study dispersal of the beetle Osmoderma eremita, an inhabitant of tree hollows},
  Author                   = {J. Hedin and T. Ranius},
  Journal                  = {Computers and Electronics in Agriculture},
  Year                     = {2002},
  Month                    = {August},
  Number                   = {2-3},
  Pages                    = {171-180},
  Volume                   = {35}
}

@InProceedings{heikkila1997,
  Title                    = {A four-step camera calibration procedure with implicit image correction},
  Author                   = {J. Heikkila and O. Silven},
  Booktitle                = {IEEE Computer Society Conference on Computer Vision and Pattern Recognition (CVPR'97)},
  Year                     = {1997},
  Pages                    = {1106-1112}
}

@InProceedings{heinzelman2000,
  Title                    = {Energy-Efficient Communication Protocol for Wireless Microsensor Networks},
  Author                   = {W. R. Heinzelman and A. Chandrakasan and H. Balakrishnan},
  Booktitle                = {Proceedings of the Hawaii International Conference on System Sciences, Maui, Hawaii},
  Year                     = {2000},
  Month                    = {Jan}
}

@InProceedings{Helmick04,
  Title                    = {Path Following using Visual Odometry for a Mars Rover in High-Slip Environments},
  Author                   = {D. Helmick and Y. Cheng and D. Clouse},
  Booktitle                = {2004 IEEE Aerospace Conference},
  Year                     = {2004},
  Month                    = {March},
  Pages                    = {772-789},
  Volume                   = {2}
}

@Book{Herbrich2002,
  Title                    = {Learning Kernel Classifiers: Theory \& Algorithms},
  Author                   = {R. Herbrich},
  Publisher                = {MIT Press, Cambridge, MA},
  Year                     = {2002}
}

@InProceedings{Hessem03,
  Title                    = {A full solution to the constrained stochastic closed-loop {MPC} problem via state and innovations feedback and its receding horizon implementation},
  Author                   = {D.H. van Hessem and O. Bosgra},
  Booktitle                = {Proceedings of the the Conference on Decision and Control (CDC)},
  Year                     = {2003},
  Address                  = {Maui, HI},
  Month                    = {December},
  Pages                    = {929-934}
}

@InProceedings{ho1997,
  Title                    = {Range Queries in {OLAP} Data Cubes},
  Author                   = {C. Ho and R. Agrawal and N. Megiddo and R. Srikant},
  Booktitle                = {Proceedings of SIGMOD, ACM, Tucson, Arizona, USA},
  Year                     = {1997},
  Month                    = {May},
  Number                   = {2},
  Pages                    = {73-88},
  Volume                   = {26}
}

@InProceedings{Hoey07-dementia,
  Title                    = {Assistiong persons with Dementia during handwashing using a partially observable {M}arkov decision process},
  Author                   = {J. Hoey and A. von Bertoldi and P. Poupart and A. Mihailidis},
  Booktitle                = {International conference on computer vision systems (ICVS)},
  Year                     = {2007},
  Address                  = {Bielefeld, Germany}
}

@InProceedings{Hong02,
  Title                    = {Road Detection and Tracking for Autonomous Mobile Robots},
  Author                   = {T. Hong and C. Rasmussen and T. Chang and M. Shneier},
  Booktitle                = {Proceedings of the SPIE 16th Annual International Symposium on Aerospace/Defense Sensing, Simulation, and Controls, Orlando, FL},
  Year                     = {2002},
  Month                    = {April}
}

@Article{Hopkins2002,
  Title                    = {Predicting How People Play Games: Reinforcement Learning in Experimental Games with Unique, Mixed Strategy Equilibria},
  Author                   = {E. Hopkins},
  Journal                  = {Econometrica},
  Year                     = {2002},
  Month                    = {November},
  Number                   = {6},
  Pages                    = {2141-2166},
  Volume                   = {70}
}

@InProceedings{Horiguchi2004,
  Title                    = {Analysis of Search Activity via Remote Robot Towards Natrual and Effective Human-Machine collaboration Design},
  Author                   = {Y. Horiguchi and T. Sawaragi and M. Kuwatani},
  Booktitle                = {IEEE/RSJ Internetional Conference on Intelligent Robots and Systems, Sendai, Japan},
  Year                     = {2004},
  Month                    = {Oct.},
  Pages                    = {1077-1082}
}

@Article{horn1987,
  Title                    = {Closed form solution of absolute orientation using unit quaternions},
  Author                   = {B.K.P. Horn},
  Journal                  = {Journal of the Optical Society A},
  Year                     = {1987},
  Number                   = {4},
  Pages                    = {629-42},
  Volume                   = {4}
}

@Book{horn1990,
  Title                    = {Matrix analysis},
  Editor                   = {R.A. Horn, and C.R. Johnson},
  Publisher                = {Cambridge University Press, Cambridge, UK},
  Year                     = {1990}
}

@Article{Horning-2005,
  Title                    = {Designing an archival satellite transmitter for life-long deployments on oceanic vertebrates: The Life History Transmitter},
  Author                   = {M. Horning and R. D. Hill},
  Journal                  = {IEEE Journal of Oceanic Engineering},
  Year                     = {2005},
  Month                    = {Oct.},
  Number                   = {4},
  Pages                    = {807-817},
  Volume                   = {30}
}

@Article{horning2006,
  Title                    = {http://www.tamug.edu/labb/Projects/SLIDAP/SLIDAP\_frame.htm/},
  Author                   = {M. Horning},
  Year                     = {2006}
}

@Article{Hsu10,
  Title                    = {Motion Planning under Uncertainty for Robotic Tasks with Long Time horizons},
  Author                   = {Hanna Kurniawati and Yanzhu Du and David Hsu and Wee Sun Lee},
  Journal                  = {International Journal of Robotics Research},
  Year                     = {2010},
  Pages                    = {308-323},
  Volume                   = {30}
}

@PhdThesis{Hsu-phd00,
  Title                    = {Randomized single-query motion planning in expansive spaces},
  Author                   = {D. Hsu},
  School                   = {Department of Computer Science, Stanford University, Stanford, CA},
  Year                     = {2000}
}

@Article{hu2004,
  Title                    = {A Survey on Visual Surveillance of Object Motion and Behaviors},
  Author                   = {Weiming Hu and Tieniu Tan and Liang Wang and Steve Maybank},
  Journal                  = {IEEE Transactions On Systems, Man, and Cybernetics},
  Year                     = {2004},
  Month                    = {August},
  Number                   = {3},
  Pages                    = {334-352},
  Volume                   = {34}
}

@Article{Huosheng01,
  Title                    = {Internet-based Robotic Systems for Teleoperation},
  Author                   = {H. Hu and L. Yu and P. W. Tsui and Q. Zhou},
  Journal                  = {Assemby Automation},
  Year                     = {2001},
  Month                    = {May},
  Number                   = {2},
  Pages                    = {143-151},
  Volume                   = {21}
}

@InProceedings{Huynh09,
  Title                    = {ic{LQG}: combining local and global optimization for control in information space},
  Author                   = {V. Huynh and N. Roy},
  Booktitle                = ICRA,
  Year                     = {2009},
  Address                  = {Kobe, Japan}
}

@Article{Hwang1992,
  Title                    = {A potential field approach to path planning},
  Author                   = {Y.K. Hwang and N. Ahuja},
  Journal                  = {IEEE Transactions on Robotics and Automation},
  Year                     = {1992},
  Month                    = {Feb.},
  Number                   = {1},
  Pages                    = {23-32},
  Volume                   = {8}
}

@InProceedings{Ibanez04,
  Title                    = {Unmanned Tracked Ground Vehicle for Natural Environments},
  Author                   = {J. Ibanez-Guzman and X. Jian and A. Malcolm, and Z. Gong},
  Booktitle                = {Proceedings of Army Science Conference},
  Year                     = {2004},
  Month                    = {November}
}

@InProceedings{Ibanez2004,
  Title                    = {Autonomous Armoured Logistics Carrier for Natural Environments},
  Author                   = {J. Ibanez-Guzman and X. Jian and A. Malcolm and Z. Gong and C. Chan and A. Tay},
  Booktitle                = {IEEE/RSJ International Conference on Intelligent Robots and Systems, Sendai, Japan},
  Year                     = {2004},
  Month                    = {Sept.},
  Pages                    = {473-478}
}

@Article{idsoftware,
  Title                    = {http://www.idsoftware.com}
}

@Unpublished{igisites,
  Author                   = {www.eomonline.com/Common/industrynews/industrynews32702.html}
}

@InProceedings{Ikuta2003,
  Title                    = {Development of Remote Microsurgery Robot and new Surgical Procedure for Deep and Narrow Space},
  Author                   = {K. Ikuta and K. Yamamoto and K. Sasaki},
  Booktitle                = {IEEE Internetional Conference on Robotics and Automation (ICRA), Taipei, ROC},
  Year                     = {2003},
  Month                    = {Sep.},
  Pages                    = {1103-1108}
}

@InProceedings{Ikuta2003b,
  Title                    = {Hyper Redundant Minimature Manipulator ``Hyper Figure'' for Remote Minimally Invasive Surgery in Deep Area},
  Author                   = {K. Ikuta and T. Hasegawa and S. Daifu},
  Booktitle                = {IEEE Internetional Conference on Robotics and Automation (ICRA), Taipei, ROC},
  Year                     = {2003},
  Month                    = {Sep.},
  Pages                    = {1098-1102}
}

@Article{inetcam98,
  Title                    = {{\bf http://www.inetcam.com}}
}

@Article{Irani1996,
  Title                    = {Mosaic Representations of Video Sequences and Their Applications},
  Author                   = {M. Irani and P. Anandan and J. Bergen and R. Kumar and S. Hsu},
  Journal                  = {Signal Processing: Image Communication},
  Year                     = {1996},
  Month                    = {May},
  Number                   = {4},
  Pages                    = {327-351},
  Volume                   = {8}
}

@Article{jain00statistical,
  Title                    = {Statistical pattern recognition: A review},
  Author                   = {A. Jain and P. Duin and J. Mao},
  Journal                  = {IEEE Transactions on PAMI},
  Year                     = {2000},
  Number                   = {1},
  Pages                    = {4-37},
  Volume                   = {22},
  URL                      = {citeseer.nj.nec.com/article/jain99statistical.html}
}

@Article{jain1999,
  Title                    = {Data Clustering: A Review},
  Author                   = {A.K Jain and M.N. Murty and P.J. Flyn.},
  Journal                  = {ACM Computing Surveys},
  Year                     = {1999},
  Month                    = {September},
  Number                   = {3},
  Pages                    = {264-323},
  Volume                   = {31}
}

@Book{jain88algorithms,
  Title                    = {Algorithms For Clustering Data},
  Author                   = {A.K. Jain and R.C. Dubes},
  Publisher                = {Prentice-Hall},
  Year                     = {1988}
}

@Article{ji2001,
  Title                    = {Camera calibration with genetic algorithms},
  Author                   = {Q. Ji and Y. Zhang},
  Journal                  = {IEEE Transactions on Systems, Man, and Cybernetics, Part A:Systems and Humans},
  Year                     = {2001},
  Number                   = {2},
  Pages                    = {120-130},
  Volume                   = {31}
}

@Article{jia2001,
  Title                    = {A CORBA-Based Internet Robotic System},
  Author                   = {S. Jia and K. Takase},
  Journal                  = {Advanced Robotics},
  Year                     = {2001},
  Month                    = {Oct},
  Number                   = {6},
  Pages                    = {663-673},
  Volume                   = {15}
}

@InProceedings{Jochem93,
  Title                    = {MANIAC: A Next Generation Neurally Based Autonomous Road Follower},
  Author                   = {Todd Jochem and Dean Pomerleau and Chuck Thorpe},
  Booktitle                = {Proceedings of the International Conference on Intelligent Autonomous Systems},
  Year                     = {1993},
  Month                    = {February},
  Note                     = {Also appears in the Proceedings of the Image Understanding Workshop, April 1993, Washington D.C., USA}
}

@InProceedings{johnson00,
  Title                    = {Developmental Insights into Evolving Systems: Roles of Diversity, Non-Selection, Self-Organization, Symbiosis},
  Author                   = {N. L. Johnson},
  Booktitle                = {Artificial Life VII. Cambridge, Mass., MIT Press, Cambridge, MA},
  Year                     = {2000}
}

@Article{jrwo2005,
  Title                    = {http://www.jamesreserve.edu/webcamsphp.lasso},
  Author                   = {James\_Reserve},
  Year                     = {2005}
}

@Article{JSP-resin,
  Title                    = {http://www.caucho.com}
}

@InProceedings{Jung-2006-488,
  Title                    = {Cooperative Multi-robot Target Tracking},
  Author                   = {Boyoon Jung and Gaurav S. Sukhatme},
  Booktitle                = { Proceedings of the International Symposium on Distributed Autonomous Robotic Systems},
  Year                     = {2006},
  Address                  = {Minneapolis, Minnesota},
  Month                    = {Jul},
  Pages                    = {81-90},
  URL                      = {http://cres.usc.edu/cgi-bin/print_pub_details.pl?pubid=488}
}

@Book{Junkins04,
  Title                    = {Optimal Estimation of Dynamic Systems},
  Author                   = {John Crassidis and John Junkins},
  Publisher                = {Chapman \& Hall/CRC, Boka Raton, FL},
  Year                     = {2004}
}

@Article{kaelbling2012integrated,
  Title                    = {Integrated task and motion planning in belief space},
  Author                   = {Kaelbling, Leslie Pack and Lozano-P{\'e}rez, Tom{\'a}s},
  Journal                  = {Submitted. Draft at http://people. csail. mit. edu/lpk/papers/HPNBelDraft. pdf},
  Year                     = {2012}
}

@Article{Kaelbling98,
  Title                    = {Planning and acting in Partially Observable stochastic domains},
  Author                   = {L. P. Kaelbling and M. L. Littman and A. R. Cassandra},
  Journal                  = {Artificial Intelligence},
  Year                     = {1998},
  Pages                    = {99-134},
  Volume                   = {101}
}

@Article{kaga1998,
  Title                    = {Internet camera system},
  Author                   = {T. Kaga and S. Nojima and E. Nanma and M. Tamura and H. Nakagane},
  Journal                  = {Matsushita Technical Journal},
  Year                     = {1998},
  Number                   = {5},
  Pages                    = {66-73},
  Volume                   = {44}
}

@Article{kankanhalli95,
  Title                    = {Area and perimeter computation of the union of a set of iso-rectangles in parallel},
  Author                   = {M.S. Kankanhalli and W. R. Franklin},
  Journal                  = {Journal of Parallel and Distributed Computing},
  Year                     = {1995},
  Pages                    = {107-117},
  Volume                   = {27}
}

@InProceedings{kansal2006,
  Title                    = {Virtual high-resolution for sensor networks},
  Author                   = {A. Kansal and W. Kaiser and G. Pottie and M. Srivastava and G. Sukhatme},
  Booktitle                = {ACM SenSys, Nov. 1-3, Boulder, Colorado},
  Year                     = {2006},
  Month                    = {Nov.}
}

@Article{kapelios95,
  Title                    = {The cross rectangle intersection problem.},
  Author                   = {V. Kapelios and G. Panagopoulou and G. Papamichail and S. Sirmakessis and A. Tsakalidis},
  Journal                  = {Computer Journal},
  Year                     = {1995},
  Number                   = {3},
  Pages                    = {227-235},
  Volume                   = {38}
}

@Article{Karaman.Frazzoli:IJRR11,
  Title                    = {Sampling-based Algorithms for Optimal Motion Planning},
  Author                   = {Sertac Karaman and Emilio Frazzoli},
  Journal                  = {International Journal of Robotics Research},
  Year                     = {2011},
  Month                    = {June},
  Number                   = {7},
  Pages                    = {846--894},
  Volume                   = {30},
  Date-modified            = {2011-10-05 19:04:22 +0000}
}

@Article{kariv1979,
  Title                    = {An Algorithmic Approach to Network Location Problems. Part1: The p-Centers},
  Author                   = {O. Kariv and S.L. Hakimi},
  Journal                  = {SIAM J. Appl. Math},
  Year                     = {1979},
  Pages                    = {513-538},
  Volume                   = {37}
}

@InProceedings{Kavraki95,
  Title                    = {Randomized query processing in robot motion planning},
  Author                   = {L.E. Kavraki and J.C. Latombe and R. Motwani and P. Raghavan},
  Booktitle                = {Proc. ACM Symp. Theory of Computing},
  Year                     = {1995},
  Pages                    = {353-362}
}

@Article{Kavraki96,
  Title                    = {Probabilistic Roadmaps for Path Planning in High-Dimensional Configuration Spaces},
  Author                   = {L.E. Kavraki and P. {\v{S}}vestka and J.C. Latombe and M. Overmars},
  Journal                  = {IEEE Transactions on Robotics and Automation},
  Year                     = {1996},
  Number                   = {4},
  Pages                    = {566-580},
  Volume                   = {12}
}

@Article{Kavraki98,
  Title                    = {Analysis of Probabilistic Roadmaps for Path Planning},
  Author                   = {L.E. Kavraki and M.N. Kolountzakis and J.C. Latombe},
  Journal                  = {IEEE Transactions on Robotics and Automation},
  Year                     = {1998},
  Month                    = {February},
  Pages                    = {166-171},
  Volume                   = {14}
}

@InProceedings{Kawauchi2003,
  Title                    = {A Plant Maintenance Humanoid Robot System},
  Author                   = {N. Kawauchi and S. Shiotani and H. Kanazawa and T. SasaKi and H. Tsuji},
  Booktitle                = {IEEE Internetional Conference on Robotics and Automation (ICRA), Taipei, ROC},
  Year                     = {2003},
  Month                    = {Sep.},
  Pages                    = {2973-2978}
}

@InProceedings{Kays2007,
  Title                    = {Review of the NSF sponsored animal tracking and physiological monitoring workshop},
  Author                   = {R. Kays and M. Wikelski},
  Booktitle                = {Report published online at www.movebank.org},
  Year                     = {2007}
}

@Book{Keener2000,
  Title                    = {Principles of Applied Mathematics: Transformation and Approximation, 2nd Edition},
  Author                   = {James P. Keener},
  Publisher                = {Westview Press, Boulder, CO},
  Year                     = {2000}
}

@InProceedings{Kewlani09,
  Title                    = {Stochastic Mobility-based path planning in uncertain environments},
  Author                   = {G. Kewlani and G. Ishigami and K. Iagnemma},
  Booktitle                = IROS,
  Year                     = {2009},
  Month                    = {October}
}

@InProceedings{Khamis2003,
  Title                    = {Pattern-based Architecture for Building Mobile Robotics Remote Laboratories},
  Author                   = {A. Khamis and D. M. Rivero and F. Rodriguez and M. Salichs},
  Booktitle                = {IEEE Internetional Conference on Robotics and Automation (ICRA), Taipei, ROC},
  Year                     = {2003},
  Month                    = {Sep.},
  Pages                    = {3284-3289}
}

@Article{khatib96,
  Title                    = {Coordination and Decentralized Cooperation of Multiple Mobile Manipulators},
  Author                   = {O. Khatib and K. Yokoi and K. Chang and D. Ruspini and R. Holmberg and and A. Casal},
  Journal                  = {Journal of Robotic Systems},
  Year                     = {1996},
  Number                   = {13(11)},
  Pages                    = {755-764}
}

@Article{KhatibYokoiChangEtAl1996,
  Title                    = {Coordination and Decentralized Cooperation of Multiple Mobile Manipulators},
  Author                   = {O. Khatib and K. Yokoi and K. Chang and D. Ruspini and R. Holmberg and and A. Casal},
  Journal                  = {Journal of Robotic Systems},
  Year                     = {1996},
  Pages                    = {755-764},
  Volume                   = {13(11)}
}

@InProceedings{Kichin04,
  Title                    = {Stereo vision on specular surface},
  Author                   = {Kichinqereder Reiner and Klaus Donner},
  Booktitle                = {Proceedings of 4th IASTED International Conference on Visualization, Imaging and Image processing, Marbella, Spain},
  Year                     = {2004},
  Month                    = {September}
}

@InProceedings{kim2004,
  Title                    = {Adaptive Strip Compression for Panorama Video Streaming},
  Author                   = {B. Y. Kim and K. H. Jang and S. K. Jung},
  Booktitle                = {Computer Graphics International (CGI'04), Crete, Greece},
  Year                     = {2004},
  Month                    = {June}
}

@InProceedings{kimber2002,
  Title                    = {Capturing and Presenting Shared Multi-Resolution Video},
  Author                   = {D. Kimber and Q. Liu and J. Foote and L. Wilcox},
  Booktitle                = {SPIE ITCOM 2002. Proceeding of SPIE, Boston},
  Year                     = {2002},
  Month                    = {Jul.},
  Pages                    = {261-271},
  Volume                   = {4862}
}

@Article{kok2006collaborative,
  Title                    = {Collaborative multiagent reinforcement learning by payoff propagation},
  Author                   = {Kok, Jelle R and Vlassis, Nikos},
  Journal                  = {The Journal of Machine Learning Research},
  Year                     = {2006},
  Pages                    = {1789--1828},
  Volume                   = {7},
  Publisher                = {JMLR. org}
}

@InProceedings{Kolesnik98,
  Title                    = {Algorithmic Solution for Autonomous Vision-Based Off-Road Navigation},
  Author                   = {M. Kolesnik and G. Paar and A. Bauer and M. Ulm},
  Booktitle                = {Proceedings of SPIE: Enhanced and Synthetic Vision, Orlando, FL},
  Year                     = {1998},
  Month                    = {April},
  Pages                    = {230-247},
  Volume                   = {3364}
}

@InCollection{Konolige08,
  Title                    = {Outdoor Mapping and Navigation Using Stereo Vision},
  Author                   = {K. Konolige and M. Agrawal and R. Bolles ane et al},
  Booktitle                = {Experimental Robotics},
  Publisher                = {Springer-Berlin},
  Year                     = {2008},
  Pages                    = {179-190},
  Volume                   = {39}
}

@Article{kopparapu2001,
  Title                    = {The effect of noise on camera calibration parameters},
  Author                   = {S. Kopparapu, and P. Corke},
  Journal                  = {Graphical Models},
  Year                     = {2001},
  Number                   = {5},
  Pages                    = {277-303},
  Volume                   = {63}
}

@Article{Koutsonikolas2007,
  Title                    = {Path planning of mobile landmarks for localization in wireless sensor networks},
  Author                   = {D. Koutsonikolas and S. Das and Y. Hu},
  Journal                  = {Computer Comunications},
  Year                     = {2007},
  Pages                    = {2577-2592},
  Volume                   = {30}
}

@Article{Kumar10,
  Title                    = {A semianalytic meshless approach to transient Fokker-Planck equation},
  Author                   = {Mrinal Kumar and Suman Chakravorty and John Junkins},
  Journal                  = {Probabilistic Engineering Mechanics},
  Year                     = {2010},
  Month                    = {Jul.},
  Number                   = {3},
  Pages                    = {323-331},
  Volume                   = {25}
}

@InProceedings{kumar2012multi,
  Title                    = {Multi-agent Generalized Probabilistic RoadMaps: {MAGPRM}},
  Author                   = {Kumar, Sandip and Chakravorty, Suman},
  Booktitle                = {IROS},
  Year                     = {2012},
  Pages                    = {3747--3753}
}

@Book{Kumar-book-86,
  Title                    = {Stochastic Systems: Estimation, Identification, and Adaptive Control},
  Author                   = {P.~R.~Kumar and P.~P.~Varaiya},
  Publisher                = {Prentice-Hall},
  Year                     = {1986},
  Address                  = {Englewood Cliffs, NJ}
}

@InProceedings{Kurisu2004,
  Title                    = {Development of a Laser Range Finder for {3D} Map-Building in Rubble},
  Author                   = {M. Kurisu and Y. Yokokohji and Y. Shiokawa and T. Samejima},
  Booktitle                = {IEEE/RSJ Internetional Conference on Intelligent Robots and Systems, Sendai, Japan},
  Year                     = {2004},
  Month                    = {Oct.},
  Pages                    = {1096-1102}
}

@InProceedings{Kurniawati08-SARSOP,
  Title                    = {{SARSOP}: Efficient point-based {POMDP} planning by approximating optimally reachable belief spaces},
  Author                   = {H. Kurniawati and D. Hsu and W.S. Lee},
  Booktitle                = {Proceedings of Robotics: Science and Systems},
  Year                     = {2008},
  Address                  = {Zurich, Switzerland}
}

@Article{kurniawati11-Migs,
  Title                    = {Motion planning under uncertainty for robotic tasks with long time horizons},
  Author                   = {Kurniawati, Hanna and Du, Yanzhu and Hsu, David and Lee, Wee Sun},
  Journal                  = {The International Journal of Robotics Research},
  Year                     = {2011},
  Number                   = {3},
  Pages                    = {308--323},
  Volume                   = {30},
  Publisher                = {SAGE Publications}
}

@Article{kurniawati2012global,
  Title                    = {Global motion planning under uncertain motion, sensing, and environment map},
  Author                   = {Kurniawati, H. and Bandyopadhyay, T. and Patrikalakis, N.M.},
  Journal                  = {Autonomous Robots},
  Year                     = {2012},
  Number                   = {3},
  Pages                    = {255--272},
  Volume                   = {33},
  Publisher                = {Springer}
}

@Article{Kutulakos08,
  Title                    = {A Theory of Refractive and Specular 3D Shape by Light-Path Triangulation},
  Author                   = {Kiriakos N. Kutulakos and Eron Steger},
  Journal                  = {International Journal of Computer Vision},
  Year                     = {2008},
  Month                    = {January},
  Number                   = {1},
  Pages                    = {13-29},
  Volume                   = {76}
}

@Article{Ladd04,
  Title                    = {Measure Theoretic Analysis of Probabilistic Path Planning},
  Author                   = {A.M. Ladd and L.E. Kavraki},
  Journal                  = {IEEE Transactions on Robotics and Automation},
  Year                     = {2004},
  Month                    = {April},
  Number                   = {2},
  Pages                    = {229-242},
  Volume                   = {20}
}

@Book{Ladd1998,
  Title                    = {Using Html 4, Xml, and Java 1.2},
  Author                   = {Eric Ladd and Jim O'Donnell},
  Publisher                = {QUE Press},
  Year                     = {1998}
}

@Article{latif2001,
  Title                    = {Component-oriented voter model for dependable control applications},
  Author                   = {G. Latif-Shabgahi and J.M. Bass and S. Bennett},
  Journal                  = {Microprocessors and Microsystems},
  Year                     = {2002},
  Pages                    = {167-176},
  Volume                   = {25}
}

@InProceedings{latombe2000,
  Title                    = {Kinodynamic Motion Planning Amidst Moving Obstacles},
  Author                   = {R. Kindel and D. Hsu and J.C. Latombe and S. Rock},
  Booktitle                = {IEEE International Conference on Robotics and Automation (ICRA)},
  Year                     = {2000}
}

@Article{Lavalle01-RRT,
  Title                    = {Randomized kinodynamic planning},
  Author                   = {Steve Lavalle and J. Kuffner},
  Journal                  = {International Journal of Robotics Research},
  Year                     = {2001},
  Number                   = {378-400},
  Volume                   = {20}
}

@Book{LaValle06,
  Title                    = {Planning algorithms},
  Author                   = {Steve Lavalle},
  Publisher                = {Cambridge University Press, Cambridge, UK},
  Year                     = {2006}
}

@InProceedings{lazaridis2001,
  Title                    = {Progressive approximate aggregate queries with a multi-resolution tree structure},
  Author                   = {I. Lazaridis and S. Mehrotra},
  Booktitle                = {Proc. of SIGMOD, Santa Barbara, CA, USA},
  Year                     = {2001},
  Month                    = {May},
  Number                   = {2},
  Pages                    = {401-412},
  Volume                   = {30}
}

@Article{Lee2000,
  Title                    = {A novel stereo camera system by a biprism},
  Author                   = {D. Lee and I. Kweon },
  Journal                  = itra,
  Year                     = {2000},
  Month                    = {Oct},
  Number                   = {5},
  Pages                    = {528-541},
  Volume                   = {16}
}

@Article{Lee2005,
  Title                    = {Low-Hardware-Cost Motion Estimation with Large Search Range for VLSI Multimedia Processors},
  Author                   = {Lee, S. and Hong, M.C. and Wee, J.K.},
  Journal                  = {IEICE transactions on information and systems},
  Year                     = {2005},
  Month                    = {September},
  Number                   = {9},
  Pages                    = {2177-2182},
  Volume                   = {E88-D}
}

@InProceedings{Lemaire07,
  Title                    = {Monocular-vision based SLAM using Ling Segments},
  Author                   = {T. Lemaire and S. Lacroix},
  Booktitle                = {IEEE International Conference of Robotics and Automation},
  Year                     = {2007},
  Address                  = {Roma, Italy},
  Month                    = {April},
  Pages                    = {2791-2796}
}

@Article{lemaitre02,
  Title                    = {Selecting and scheduling observations of agile satellites},
  Author                   = {M. Lemaitre and G. Verfaillie and F. Jouhaud and J.-M. Lachiver and N. Bataille},
  Journal                  = {Aerospace Science and Technology},
  Year                     = {2002},
  Month                    = {July},
  Pages                    = {367-381},
  Volume                   = {6}
}

@Article{lenz1988,
  Title                    = {Techniques for calibration of the scale factor and image center for high accuracy 3-D machine vision metrology},
  Author                   = {R.K. Lenz and R.Y. Tsai},
  Journal                  = {IEEE Transactions on Pattern Analysis and Machine Intelligence},
  Year                     = {1988},
  Number                   = {5},
  Pages                    = {713 -720},
  Volume                   = {10}
}

@Article{Leung06,
  Title                    = {Planning for Information Gathering Under Uncertainty using Model Predictive Control},
  Author                   = {Cindy Leung and Shoudong Huang and N. M. Kwok and Gamini Dissanayake},
  Journal                  = {Robotics and Autonomous Systems},
  Year                     = {2006},
  Month                    = {November},
  Number                   = {11},
  Pages                    = {898-910.s},
  Volume                   = {54}
}

@Article{Leung95,
  Title                    = {Maximum Likelhood Voting for Fault-Tolerant Software with Finite Output Space},
  Author                   = {Y. W. Leung},
  Journal                  = {IEEE Transactions on Reliability},
  Year                     = {1995},
  Volume                   = {44(3)}
}

@InProceedings{Levin04,
  Title                    = {Visual Odometry and Map Correlation},
  Author                   = {A. Levin and R. Szeliski},
  Booktitle                = {2004 IEEE Computer Society Conference on Computer Vision and Pattern Recognition},
  Year                     = {2004},
  Month                    = {June.},
  Pages                    = {611-618},
  Volume                   = {1}
}

@Article{Li02,
  Title                    = {Variance minimization approach for a class of dual control problems},
  Author                   = {Duan Li and Fucai Qian and Peilin Fu },
  Journal                  = {IEEE Trans. Aut. Control},
  Year                     = {2002},
  Number                   = {12},
  Pages                    = {2010-2020},
  Volume                   = {47}
}

@Book{li93-book-NMP,
  Title                    = {Nonholonomic motion planning},
  Editor                   = {Z. Li and J.F. Canny},
  Publisher                = {Kluwer Academic Press, Norwell, MA, USA},
  Year                     = {1993}
}

@InProceedings{Lieb05,
  Title                    = {Adaptive Road Following using Self-Supervised Learning and Reverse Optical Flow},
  Author                   = {D. Lieb and A. Lookingbill and S. Thrun},
  Booktitle                = {Proceedings of Robotics: Science and Systems, Cambridge, MA},
  Year                     = {2005},
  Month                    = {June}
}

@InProceedings{liebowitz1998,
  Title                    = {Metric rectification for perspective images of planes},
  Author                   = {D. Liebowitz and A. Zisserman},
  Booktitle                = {IEEE Conference on Computer Vision and Pattern Recognition},
  Year                     = {1998},
  Pages                    = {482-488}
}

@InProceedings{Lin2002,
  Title                    = {An efficient branch-and-bound algorithm for the assignment of protein backbone NMR peaks},
  Author                   = {G. Lin and D. Xu and Z. Chen and T. Jiang and J. Wen and Y. Xu},
  Booktitle                = {(CBS 2002), the IEEE Computer Society Bioinformatics Conference},
  Year                     = {2000}
}

@Article{lin65,
  Title                    = {Computer solutions of the traveling-salesman problem},
  Author                   = {S. Lin},
  Journal                  = {Bell System Technology Journal},
  Year                     = {1965},
  Pages                    = {2245-2269},
  Volume                   = {44}
}

@InProceedings{Lipton1998,
  Title                    = {Moving target classification and tracking from real-time video},
  Author                   = { A. Lipton and H. Fujiyoshi and R. Patil},
  Booktitle                = {The Fourth IEEE Workshop on Applications of Computer Vision, Princeton, NJ, USA},
  Year                     = {1998},
  Month                    = {October},
  Pages                    = {8-14}
}

@InProceedings{Liu05,
  Title                    = {Competitive Multi-robot Teleoperation},
  Author                   = {J. Liu and L. Sun and T. Chen and X. Huang and C. Zhao},
  Booktitle                = {IEEE International Conference on Robotics and Automation Barcelona, Spain},
  Year                     = {2005},
  Month                    = {April},
  Page                     = {75-80}
}

@InProceedings{liu2002,
  Title                    = {Managing a camera system to serve different video requests},
  Author                   = {Q. Liu and D. Kimber and L. Wilcox and M. Cooper and J. Foote and J. Boreczky},
  Booktitle                = {Proceedings of IEEE International Conference on Multimedia and Expo (ICME), Lausanne, Switzerland},
  Year                     = {2002},
  Month                    = {Aug.},
  Pages                    = {13-16},
  Volume                   = {2}
}

@InProceedings{liu2003,
  Title                    = {MULTICHANNEL VIDEO/AUDIO ACQUISITION FOR IMMERSIVE CONFERENCING},
  Author                   = {Q. Liu and D. Kimber and J. Foote and C. Liao},
  Booktitle                = {Proceedings of IEEE International Conference on Multimedia and Expo (ICME), Baltimore, Maryland},
  Year                     = {2003},
  Month                    = {Jul.}
}

@Book{Lockwood2004,
  Title                    = {Texas Ornithological Society handbook of Texas birds},
  Author                   = {M. W. Lockwood and B. Freeman},
  Publisher                = {Texas A\&M Press, College Station},
  Year                     = {2004}
}

@InProceedings{Lorigo97,
  Title                    = {Visually-Guided Obstacle Avoidance in Unstructured Environments},
  Author                   = {L. M. Lorigo and R. A. Brooks and W. E. L. Grimsou},
  Booktitle                = { Proceedings of IEEE/RSJ International Conference on Intelligent Robots and Systems, Grenoble, France},
  Year                     = {1997},
  Month                    = {September},
  Pages                    = {373 - 379 },
  Volume                   = {1}
}

@Article{lowe2004,
  Title                    = {Distinctive Image Features from Scale-Invariant Keypoints},
  Author                   = {D. Lowe},
  Journal                  = {International Journal of Computer Vision},
  Year                     = {2004},
  Month                    = {Nov.},
  Number                   = {4},
  Pages                    = {91-110},
  Volume                   = {60}
}

@Article{lozano1983spatial,
  Title                    = {Spatial planning: A configuration space approach},
  Author                   = {Lozano-Perez, T.},
  Journal                  = {IEEE Transactions on Computers},
  Year                     = {1983},
  Number                   = {2},
  Pages                    = {108--120},
  Volume                   = {100},
  Publisher                = {IEEE}
}

@Article{luo2000,
  Title                    = {Development of a Multibehavior-Based Mobile Robot for Remote Supervisory Control Through the Internet},
  Author                   = {R.C. Luo and T. M. Chen},
  Journal                  = {IEEE/ASME Transactions on Mechatronics},
  Year                     = {2000},
  Number                   = {4},
  Pages                    = {376-385},
  Volume                   = {5}
}

@Article{Ma1999,
  Title                    = {Vision Guided Navigation for A Nonholonomic Mobile Robot},
  Author                   = {Y. Ma and J. Kosecka and S. Sastry},
  Journal                  = {IEEE Transactions on Robotics and Automation},
  Year                     = {1999},
  Month                    = {June},
  Number                   = {3},
  Pages                    = {512-37},
  Volume                   = {15}
}

@InProceedings{Madani99,
  Title                    = {On the undecidability of probabilistic Planning and infinite-horizon partially observable {M}arkov decision problems},
  Author                   = {O. Madani and S. Hanks and A. Condon},
  Booktitle                = {Proceedings of the Sixteen Conference on Artificial Intelligence (AAAI)},
  Year                     = {1999},
  Address                  = {Orlando, FL},
  Pages                    = {541-548}
}

@InProceedings{Madden2004,
  Title                    = {A Robotic Device for Three-Dimensional Manipulation over the Internet},
  Author                   = {C. P. Madden and M. R. Stein},
  Booktitle                = {The 28th Biennial Mechanisms and Robotics Conference, Salt Lake City, Utah},
  Year                     = {2004},
  Month                    = {Sep.}
}

@InProceedings{magnor2002,
  Title                    = {Geometry-based automatic object localization and 3-D pose detection},
  Author                   = {M.A. Magnor},
  Booktitle                = {Fifth IEEE Southwest Symposium on Image Analysis and Interpretation},
  Year                     = {2002},
  Pages                    = {144 -147}
}

@Article{Maimone07,
  Title                    = {Two Years of Visual Odometry on the Mars Exploration Rovers},
  Author                   = {M. Maimone and Y. Cheng and L. Matthies},
  Journal                  = {Journal of Field Robotics},
  Year                     = {2007},
  Month                    = {March},
  Number                   = {2},
  Pages                    = {169-186},
  Volume                   = {24}
}

@Article{malis2002,
  Title                    = {Theoretical improvements in the stability analysis of a new class of model-free visual servoing methods},
  Author                   = {E. Malis and F. Chaumette},
  Journal                  = {IEEE Transactions on Robotics and Automation},
  Year                     = {2002},
  Number                   = {2},
  Pages                    = {176 -186},
  Volume                   = {18}
}

@Article{malone94,
  Title                    = {The Interdisciplinary Study of Coordination},
  Author                   = {T. Malone and K. Crowston},
  Journal                  = {ACM Computing Surveys},
  Year                     = {1994},
  Number                   = {1},
  Pages                    = {87-119},
  Volume                   = {26}
}

@Article{Manduchi05,
  Title                    = {Obstacle Detection and Terrain Classification for Autonomous Off-Road Navigation},
  Author                   = {R. Manduchi and A. Castano and A. Talukder and L. Matthies},
  Journal                  = {Autonomous Robots},
  Year                     = {2005},
  Month                    = {January},
  Number                   = {1},
  Pages                    = {81-102},
  Volume                   = {18}
}

@Article{Mann97,
  Title                    = {Wearable computing: A first step toward personal imaging},
  Author                   = {S. Mann},
  Journal                  = {computer},
  Year                     = {1997},
  Volume                   = {30}
}

@Article{mann98,
  Title                    = {Humanistic Intelligence: WearComp as a new framework for Intelligent Signal Processing},
  Author                   = {S. Mann},
  Journal                  = {IEEE Proceedings},
  Year                     = {1998},
  Month                    = {November},
  Pages                    = {2123-2151},
  Volume                   = {86(11)}
}

@Article{Mao2007,
  Title                    = {Wireless sensor network localization techniques},
  Author                   = {G. Mao and B. Fidan and B. Anderson},
  Journal                  = {Computer Networks},
  Year                     = {2007},
  Number                   = {7},
  Pages                    = {2529-2553},
  Volume                   = {51}
}

@Article{Marimon1993,
  Title                    = {On Adaptive Learning in Strategic Games},
  Author                   = {R. Marimon and E. McGrattan},
  Year                     = {1995},
  Booktitle                = {Learning and Rationality in Economics},
  Publisher                = {Basil Blackwells}
}

@InProceedings{marin2002b,
  Title                    = {Automatic Speech Recognition to Teleoperate a Robto via Web},
  Author                   = {R. Marin and P.~Vila and P.J. Sanz and A. Marzal},
  Booktitle                = {IEEE/RSJ International Conference on Intelligent Robots and Systems, EPFL, Lausanne, Switzerland},
  Year                     = {2002},
  Pages                    = {1278--1283}
}

@InProceedings{Marks94,
  Title                    = {Automatic Visual Station Keeping of an Underwater Robot},
  Author                   = {R. Marks and H. Wang and M. Lee and S. Rock},
  Booktitle                = {Oceans Engineering for Today's Technology and Tomorrow's Preservation},
  Year                     = {1994},
  Address                  = {Brest, France},
  Month                    = {Sep.},
  Pages                    = {137-142},
  Volume                   = {2}
}

@Article{mars-panorama,
  Title                    = {http://marsrovers.jpl.nasa.gov/gallery/press/spirit/20040113a.html},
  Author                   = {NASA}
}

@Article{mars-rover2005,
  Title                    = {http://marsrovers.jpl.nasa.gov/home/},
  Author                   = {JPL},
  Year                     = {2005}
}

@InProceedings{Martinez07,
  Title                    = {Active policy learning for robot planning and exploration under uncertainty},
  Author                   = {Ruben Martinez-Cantin and Nando de Freitas and Arnaud Doucet and Jos{\'e} A. Castellanos},
  Booktitle                = {Proceedings of Robotics: Science and Systems (RSS)},
  Year                     = {2007},
  Month                    = {June}
}

@Article{Martinez09,
  Title                    = {A Bayesian exploration-exploitation approach for optimal online sensing and planning with a visually guided mobile robot},
  Author                   = {Ruben Martinez-Cantin and Nando de Freitas and Eric Brochu and Jos{\'e} A. Castellanos and Arnaud Doucet},
  Journal                  = {Autonomous Robots},
  Year                     = {2009},
  Month                    = {Aug.},
  Number                   = {3},
  Pages                    = {93-103},
  Volume                   = {27}
}

@Article{Mas-Collell1989,
  Title                    = {An Equivalence Theorem for a Bargaining Set},
  Author                   = {A. Mas-Collell},
  Journal                  = {Journal of Math and Economics},
  Year                     = {1989},
  Number                   = {18},
  Pages                    = {129-139}
}

@Article{Matsuyama2002,
  Title                    = {Real-Time Multitarget Tracking by a Cooperative Distributed Vision System},
  Author                   = {T. Matsuyama and N. Ukita},
  Journal                  = {Proceedings of The IEEE},
  Year                     = {2002},
  Month                    = {July},
  Number                   = {7},
  Pages                    = {1136-1150},
  Volume                   = {90}
}

@Article{matthies89kalman,
  Title                    = {Kalman Filter-based Algorithms for Estimating Depth from Image Sequences},
  Author                   = {Larry Matthies and Takeo Kanade and Richard Szeliski},
  Journal                  = {International Journal of Computer Vision},
  Year                     = {1989},
  Number                   = {3},
  Pages                    = {209--238},
  Volume                   = {3}
}

@InProceedings{Matthies98,
  Title                    = {Performance Evaluation of {UGV} Obstacle Detection with CCD/FLIR Stereo Vision and LADAR},
  Author                   = {L. Matthies and T. Litwin and K. Owens and A. Rankin and K. Murphy and D. Coorobs and J. Gilsinn and T. Hong and S. Legowik and M. Nashman and B. Yoshimi},
  Booktitle                = {Proceedings of IEEE ISIC/CIRA/ISAS Joint Conference, Gaithersburg, MD},
  Year                     = {1998},
  Month                    = {September},
  Pages                    = {658-670}
}

@Article{maybank1992,
  Title                    = {Theory of self-calibration of a moving camera},
  Author                   = {S.J. Maybank and O. D. Faugeras},
  Journal                  = {The International Journal of Computer Vision},
  Year                     = {1992},
  Number                   = {2},
  Pages                    = {123-151},
  Volume                   = {8}
}

@Article{Mayne1990,
  Title                    = {Receding horizon control of nonlinear systems},
  Author                   = {D.Q. Mayne and H. Michalska},
  Journal                  = {IEEE Trans. Aut. Control},
  Year                     = {1990},
  Number                   = {7},
  Pages                    = {814-824},
  Volume                   = {35}
}

@InProceedings{Mazare2006,
  Title                    = {USING GPU FOR FAST BLOCK-MATCHING},
  Author                   = {S. Mazare and J. Dugelay and R. Pacalet},
  Booktitle                = {European Signal Processing Conference, Florence, Italy},
  Year                     = {2006},
  Month                    = {Sep.}
}

@Article{mccb2005,
  Title                    = {http://www.osage.net/~mccb/trumpeterswan.html},
  Author                   = {SwanCam},
  Year                     = {2005}
}

@Article{megiddo1984,
  Title                    = {On the Complexity of Some Common Geometric Location Problems},
  Author                   = {N. Megiddo and K.J. Supowit},
  Journal                  = {SIAM Journal on Computing},
  Year                     = {1984},
  Month                    = {February},
  Pages                    = {182-196},
  Volume                   = {13}
}

@InProceedings{Melchior07,
  Title                    = {Particle {RRT} for path planning with uncertainty},
  Author                   = {Nik Melchior and Reid Simmons},
  Booktitle                = IROS,
  Year                     = {2007},
  Address                  = {San Diego, CA}
}

@Book{Meyn-Tweedie09,
  Title                    = {{M}arkov Chains and Stochastic Stability: 2nd Edition},
  Author                   = {Sean Meyn and Richard L. Tweedie},
  Publisher                = {Cambridge University Press, Cambridge, UK},
  Year                     = {2009}
}

@InProceedings{Michael97,
  Title                    = {Virtual Collaborative Control to Improve Intelligent Robotics System Efficiency and Quality},
  Author                   = {M.J. McDonald and D. E. Samll and C. C. Graves and D. Cannon},
  Booktitle                = IROS,
  Year                     = {1997},
  Month                    = {April}
}

@InProceedings{Michels2005,
  Title                    = {High Speed Obstacle Avoidance using Monocular Vision and Reinforcement Learning},
  Author                   = {J. Michels and A. Saxena and A. Ng},
  Booktitle                = {The 22nd International Conference on Machine Learning, Bonn, Germany},
  Year                     = {2005},
  Month                    = {August}
}

@Article{mignolet2000,
  Title                    = {A low-power reconfigurable Internet appliance camera},
  Author                   = {J-Y. Mignolet J-Y and S. Vernalde and M. Engels},
  Journal                  = {Revue Hf. Electronique, Telecommunications},
  Year                     = {2000},
  Number                   = {4},
  Pages                    = {4-11},
  Publisher                = {Soc. Belge Ing. Telecommun. \& Electron, Belgium}
}

@Book{Millspaugh01,
  Title                    = {Radio tracking and animal populations},
  Author                   = {J. Millspaugh and J. Marzluff},
  Publisher                = {Academic Press, San Diego, California},
  Year                     = {2001}
}

@InProceedings{Missiuro06,
  Title                    = {Adapting probabilistic roadmaps to handle uncertain maps},
  Author                   = {P. Missiuro and N. Roy},
  Booktitle                = {ICRA},
  Year                     = {2006},
  Address                  = {Orlando, FL}
}

@Article{mitchell1997,
  Title                    = {A comparison of branch and bound and outer approximation methods for 0-1 MINLPs},
  Author                   = {J. Mitchell and B. Borchers},
  Journal                  = {Computers and Operations Research},
  Year                     = {1997},
  Pages                    = {699-701},
  Volume                   = {24}
}

@InProceedings{Mitsuishi2003,
  Title                    = {Development of a Remote Minimally-Invasive Surgical System with Operational Environment transmission Capability},
  Author                   = {M. Mitsuishi and J. Arata and K. Tanaka and M. Miyamoto and T. Yoshidome and S. Iwata and S. Warisawa},
  Booktitle                = {IEEE Internetional Conference on Robotics and Automation (ICRA), Taipei, ROC},
  Year                     = {2003},
  Month                    = {Sep.},
  Pages                    = {2663-2670}
}

@Article{Miyazaki04,
  Title                    = {Transparent Surface Modeling from a Pair of Polarization Images},
  Author                   = {D. Miyazaki and M. Kagesawa and K. Ikeuchi},
  Journal                  = {IEEE Transactions on Pattern Analysis and Machine Intelligence},
  Year                     = {2004},
  Month                    = {January},
  Number                   = {1},
  Pages                    = {73-82},
  Volume                   = {26}
}

@InProceedings{moon2002,
  Title                    = {Distributed manipulation by superposition of logarithmic-radial potential fields},
  Author                   = {H. Moon and J. Luntz},
  Booktitle                = {IEEE International Conference on Robotics and Automation (ICRA)},
  Year                     = {2002},
  Month                    = {May},
  Pages                    = {1197-1202},
  Volume                   = {2}
}

@Article{Morel06,
  Title                    = {Actice Lighting Applied to 3D Reconstruction of Specular Metallic Surfaces by Polarization Imaging},
  Author                   = {O. Morel and C. Stolz and F. Meriaudeau and P. Gorria},
  Journal                  = {Applied Optics},
  Year                     = {2006},
  Month                    = {January},
  Pages                    = {4062-4068},
  Volume                   = {45}
}

@InProceedings{motai2001,
  Title                    = {SmartView: hand-eye robotic calibration for active viewpoint generation and object grasping},
  Author                   = {Y. Motai and A. Kosaka},
  Booktitle                = {IEEE International Conference on Robotics and Automation (ICRA'01)},
  Year                     = {2001},
  Month                    = {May},
  Pages                    = {2183 -2190},
  Volume                   = {3}
}

@InProceedings{Motard07,
  Title                    = {Incremental On-line Topological Map Learning for a Visual Homing Application},
  Author                   = {E. Motard and B. Raducanu and V. Cadenat and J. Vitria},
  Booktitle                = {IEEE International Conference of Robotics and Automation},
  Year                     = {2007},
  Address                  = {Roma, Italy},
  Month                    = {April},
  Pages                    = {2049-2054}
}

@Book{motwani95,
  Title                    = {Randomized Algorithms},
  Editor                   = {R. Motwani and R. Raghavan},
  Publisher                = {Cambridge Univeristy Press, Cambridge, UK},
  Year                     = {1995}
}

@Article{mount96,
  Title                    = {On the area of overlap of translated polygons},
  Author                   = {D.M. Mount and R. Silverman and A.Y. Wu},
  Journal                  = {Computer Vision and Image Understanding},
  Year                     = {1996},
  Pages                    = {353-361},
  Volume                   = {64}
}

@InProceedings{Mouragnon06,
  Title                    = {Monocular Vision based SLAM for Mobile Robots},
  Author                   = {E. Mouragnon and M. Lhuillier and M. Dhome and F. Dekeyser and P. Sayd},
  Booktitle                = {The 18th International Conference on Pattern Recognition},
  Year                     = {2005},
  Month                    = {Aug.},
  Pages                    = {1027-1031}
}

@InProceedings{mumolo2000,
  Title                    = {Algorithms and Architectures for Acoustic Localization Based on Microarray in Service Robotics},
  Author                   = {E. Mumolo and M. Nolich and G. Vercelli},
  Booktitle                = {IEEE International Conference on Robotics and Automation (ICRA)},
  Year                     = {2000},
  Month                    = {May},
  Pages                    = {2966-2971},
  Volume                   = {3}
}

@Article{murray1993nonholonomic,
  Title                    = {Nonholonomic motion planning: Steering using sinusoids},
  Author                   = {Murray, Richard M and Sastry, Sosale Shankara},
  Journal                  = {IEEE Transactions on Automatic Control},
  Year                     = {1993},
  Number                   = {5},
  Pages                    = {700--716},
  Volume                   = {38},
  Publisher                = {IEEE}
}

@InProceedings{nakano2002,
  Title                    = {Camera calibration with precise extraction of feature points using projective transformation},
  Author                   = {K. Nakano and M. Okutomi and Y. Hasegawak},
  Booktitle                = {IEEE International Conference on Robotics and Automation (ICRA'02)},
  Year                     = {2002},
  Month                    = {May},
  Pages                    = {2532 -2538},
  Volume                   = {3}
}

@InProceedings{Nakhaei08,
  Title                    = {A Framework for planning motions in stochastic maps},
  Author                   = {A. Nakhaei and F. Lamiraux},
  Booktitle                = ICRA,
  Year                     = {2008},
  Address                  = {Pasadena, California}
}

@Book{nash96,
  Title                    = {Linear and Nonlinear Programming},
  Editor                   = {S.G. Nash and A. Sofer},
  Publisher                = {The McGraw-Hill Companies, Inc},
  Year                     = {1996}
}

@InProceedings{Nayar99,
  Title                    = {Vision in Bad Weather},
  Author                   = {S. K. Nayar and S. G. Narasimhan},
  Booktitle                = {Proceedings of IEEE International Conference on Computer Vision,Corfu, Greece},
  Year                     = {1999},
  Month                    = {September},
  Number                   = {2},
  Pages                    = {820-826},
  Volume                   = {2}
}

@Article{Neon-NSF,
  Title                    = {http://www.nsf.gov/funding/pgm\_summ.jsp?pims\_id=13440\&org=DBI},
  Author                   = {NSF}
}

@Book{Neumann1953,
  Title                    = {The Theory of Games and Economic Behavior},
  Author                   = {J. von Neumann and O. Morgenstern},
  Publisher                = {Princeton University Press},
  Year                     = {1953}
}

@InProceedings{Ng04,
  Title                    = {Vehicle Following with Obstacle Avoidance Capabilities in Natural Environments},
  Author                   = {T. C. Ng and J. Ibanez-Guzman and J. Shen and Z. Gong and H. Wang and C. Cheng},
  Booktitle                = {Proceedings of IEEE International Conference on Robotics and Automation},
  Year                     = {2004},
  Month                    = {April},
  Pages                    = {4283 - 4288 },
  Volume                   = {5}
}

@InProceedings{Ni2006-icra,
  Title                    = {Aligning Windows of Live Video from an Imprecise Pan-Tilt-Zoom Robotic Camera into a Remote Panoramic Display},
  Author                   = {Ni. Qin and D. Song and K. Goldberg},
  Booktitle                = {IEEE International Conference on Robotics and Automation (ICRA), Orlando, Florida},
  Year                     = {2006},
  Month                    = {May}
}

@InProceedings{Ni2007,
  Title                    = {On-Demand Sharing of a High-Resolution Panorama Video from Networked Robotic Cameras},
  Author                   = {Ni. Qin and D. Song},
  Booktitle                = {IEEE/RSJ International Conference on Intelligent Robots and Systems (IROS), San Diego, CA},
  Year                     = {2007},
  Month                    = {Nov.}
}

@InProceedings{Nister04,
  Title                    = {Visual Odometry},
  Author                   = {D. Nister and O. Naroditsky and J. Bergen},
  Booktitle                = {IEEE Computer Society Conference on Computer Vision and Pattern Recognition},
  Year                     = {2004},
  Month                    = {June},
  Pages                    = {652-659},
  Volume                   = {1}
}

@Article{Nister06,
  Title                    = {Visual Odometry for Ground Vechicle Applications},
  Author                   = {D. Nister and O. Naroditsky and J. Bergen},
  Journal                  = {Journal of Field Robotics},
  Year                     = {2006},
  Month                    = {Jan.},
  Number                   = {1},
  Pages                    = {3-20},
  Volume                   = {23}
}

@Article{norman91,
  Title                    = {Cognitive Artifacts},
  Author                   = {D. Norman},
  Year                     = {1991},
  Collection               = {John M. Carroll (ed.) Designing Interaction: Psychology at the Human-Computer Interface},
  Publisher                = {Cambridge, UK: Cambridge University Press}
}

@Book{Norris97,
  Title                    = {{M}arkov Chains},
  Author                   = {James R. Norris},
  Publisher                = {Cambridge Univeristy Press},
  Year                     = {1997},
  Address                  = {Cambridge, United Kingdom}
}

@Book{Norwine1995,
  Title                    = {The Changing Climate of Texas: Predictability and Implications for the Future.},
  Author                   = {J. Norwine and J. R. Giardino and G. R. North and J. B. Veldes },
  Publisher                = {TX: Cartographics, Texas A\&M Press, College Station},
  Year                     = {1995}
}

@Article{nw2005,
  Title                    = {http://www.newyorkwild.org/~webcams/~webcams.htm},
  Author                   = {newyorkwild.org},
  Year                     = {2005}
}

@InProceedings{Ny09,
  Title                    = {On Trajectory Optimization for Active Sensing in {G}aussian Process Models},
  Author                   = {Jeremy Le Ny and George Pappas},
  Booktitle                = {Proceedings of the the Conference on Decision and Control (CDC)},
  Year                     = {2009},
  Address                  = {Shangai, China},
  Month                    = {December}
}

@InProceedings{oh2003,
  Title                    = {A Kite and Teleoperated Vision System for Acquiring Aerial Images},
  Author                   = {P. Y. Oh and B. Green},
  Booktitle                = {IEEE/RSJ International Conference on Intelligent Robots and Systems, Las Vegas, NV, US},
  Year                     = {2003},
  Month                    = {October},
  Pages                    = {1404-1409}
}

@Article{Ong10-MOMDP,
  Title                    = {Planning under Uncertainty for Robotic Tasks with Mixed Observability.},
  Author                   = {Ong, Sylvie C. W. and Png, Shao Wei and Hsu, David and Lee, Wee Sun},
  Journal                  = {International Journal of Robotics Research},
  Year                     = {2010},
  Number                   = {8},
  Pages                    = {1053-1068},
  Volume                   = {29}
}

@Article{Oren97,
  Title                    = {A Theory of Specular Surface Geometry},
  Author                   = {Michael Oren and Shree K. Nayar},
  Journal                  = {International Journal of Computer Vision},
  Year                     = {1997},
  Month                    = {September},
  Number                   = {2},
  Pages                    = {105-124},
  Volume                   = {24}
}

@Article{Oriolo02-DFL,
  Title                    = {{WMR} control via dynamic feedback linearization: design, implementation, and experimental validation},
  Author                   = {Giuseppe Oriolo and Alessandro {D}e {L}uca and Marilena Vandittelli},
  Journal                  = {IEEE Transactions on Control Systems Technology},
  Year                     = {2002},
  Number                   = {6},
  Pages                    = {835-851},
  Volume                   = {10}
}

@Article{Otamane2006,
  Title                    = {Augmented Reality Interface for Telerobotic applications via Internet},
  Author                   = {Samir Otmane},
  Journal                  = {{\bf http://gsc3.cemif.univ-evry.fr/site/old/ARITI\_WEB/index\_en.html}},
  Year                     = {2006}
}

@InProceedings{Ouija00,
  Title                    = {Collaborative Teleoperation via the Internet},
  Author                   = {K. Goldberg and B. Chen and R. Solomon and S. Bui and B. Farzin and J. Heitler and D. Poon and G. Smith},
  Booktitle                = ICRA,
  Year                     = {2000},
  Month                    = {April},
  Pages                    = {2019-2024},
  Volume                   = {2}
}

@InProceedings{Ouija01,
  Title                    = {Collaborative Teleoperation via the Internet},
  Author                   = {K. Goldberg and B. Chen},
  Booktitle                = IROS,
  Year                     = {2001},
  Month                    = {Oct.}
}

@Article{ouija2000,
  Title                    = {Collaborative Teleoperation via the Internet},
  Author                   = {K. Goldberg and B. Chen and R. Solomon and others},
  Journal                  = {IEEE International Conference on Robotics and Automation (ICRA)},
  Year                     = {2000},
  Pages                    = {2019},
  Volume                   = {1}
}

@Unpublished{ouija-tm,
  Title                    = {The Ouija Board Game},
  Author                   = {Parker Brothers Inc.}
}

@InProceedings{owens2000,
  Title                    = {Passive Night Vision Sensor Comparison for Unmanned Ground Vehicle Stereo Vision Navigation},
  Author                   = {K. Owens and L. Matthies},
  Booktitle                = {IEEE International Conference on Robotics and Automation (ICRA), San Francisco, CA},
  Year                     = {2000},
  Month                    = {April},
  Pages                    = {122-131}
}

@InProceedings{Ozawa05,
  Title                    = {Using Visual Odometry to Create {3D} Maps for Online Footstep Planning},
  Author                   = {R. Ozawa and Y. Takaoka and Y. Kida and et al},
  Booktitle                = {2005 IEEE International Conference on Systems, Man and Cybernetics},
  Year                     = {2005},
  Month                    = {Oct.},
  Pages                    = {2643-2648},
  Volume                   = {3}
}

@InProceedings{pan2004,
  Title                    = {Dynamic Multi-objective Optimal Task Distribution for Tele-Operated Mobile Manipulators},
  Author                   = {L. Pan and A. Goradia and N. Xi},
  Booktitle                = {IEEE/RSJ Internetional Conference on Intelligent Robots and Systems, Sendai, Japan},
  Year                     = {2004},
  Month                    = {Oct.},
  Pages                    = {3797-3802}
}

@Article{panorama-tut,
  Title                    = {Big Ben's Panorama Tutorials},
  Author                   = {B. Kreunen},
  Journal                  = {http://www.path.unimelb.edu.au/~bernardk/tutorials/360/index.html}
}

@Book{papadimitriou1998,
  Title                    = {Combinatorial Optimization},
  Author                   = {C. H. Papadimitriou and K. Steiglitz},
  Publisher                = {Dover Publications, Inc. NY},
  Year                     = {1998}
}

@Article{Papadimitriou87,
  Title                    = {The complexity of {M}arkov decision Processes},
  Author                   = {C. Papadimitriou and J. N. Tsitsiklis},
  Journal                  = {Mathematics of Operations Research},
  Year                     = {1987},
  Number                   = {3},
  Pages                    = {441-450},
  Volume                   = {12}
}

@InProceedings{paradias2001,
  Title                    = {Efficient OLAP Operations in Spatial Data Warehouses},
  Author                   = {D. Paradias and P. Kalnis and J. Zhang and Y. Tao},
  Booktitle                = {Advances in Spatial and Temporal Databases, 7th International Symposium, SSTD, Redondo Beach, CA, USA},
  Year                     = {2001},
  Month                    = {July},
  Pages                    = {443-459}
}

@Article{parker2002,
  Title                    = {Distributed Algorithms for Multi-Robot Observation of Multiple Moving Targets},
  Author                   = {L.E. Parker},
  Journal                  = {Autonomous Robots},
  Year                     = {2002},
  Month                    = {May},
  Number                   = {3},
  Pages                    = {231-255},
  Volume                   = {12}
}

@InProceedings{pash1994,
  Title                    = {Vision sensor calibration for robotic work cells},
  Author                   = {A. Pashkevich and J. Roning and A.V. Sidorov},
  Booktitle                = {Proceedings of SPIE - The International Society for Optical Engineering},
  Year                     = {1994},
  Number                   = {7},
  Pages                    = {259-270},
  Volumn                   = {224}
}

@Article{pashkevich2003,
  Title                    = {Geometrical calibration of robotic web-cameras},
  Author                   = {K. Goldberg and A.Pashkevich and D. Song},
  Journal                  = {Transactions of Belarusian Engineering Academy},
  Year                     = {2003},
  Month                    = {January},
  Number                   = {15},
  Pages                    = {12-14},
  Volume                   = {1}
}

@InProceedings{patil12,
  Title                    = {Estimating Probability of Collision for Safe Planning under {G}aussian Motion and Sensing Uncertainty},
  Author                   = {Sachin Patil and Jur van den Berg and Ron Alterovitz},
  Booktitle                = ICRA,
  Year                     = {2012},
  Address                  = {Minneapolis, MN}
}

@InProceedings{peleg1997,
  Title                    = {Panoramic Mosaics by Manifold Projection},
  Author                   = {S. Peleg and J. Herman},
  Booktitle                = {IEEE Computer Society Conference on Computer Vision and Pattern Recognition},
  Year                     = {1997},
  Month                    = {June},
  Pages                    = {338-343}
}

@InProceedings{Pernalete2002,
  Title                    = {Augmentation of Manipulation Capabilities of Persons with Disabilities Using Scaled Teleoperation},
  Author                   = {N. P. Pernalete and W. Yu and R. V. Dubey and W. A. Moreno},
  Booktitle                = {IEEE International Conference on Robotics and Automation (ICRA), Washington DC, US},
  Year                     = {2002},
  Month                    = {May}
}

@InProceedings{perry2000,
  Title                    = {Remote control for videoconferencing},
  Author                   = {M. Perry and D. Agarwal},
  Booktitle                = {Proceedings of 2000 Information Resources Management Association International Conference. Anchorage, AK, USA},
  Year                     = {2000}
}

@TechReport{personnaz2002,
  Title                    = {Camera calibration: estimation, validation and software},
  Author                   = {M. Personnaz and R. Horaud},
  Institution              = {INRIA Rhone Alpes No RT-0258},
  Year                     = {2002},
  Month                    = {Oct.}
}

@InProceedings{Pineau03,
  Title                    = {Point-based value iteration: An anytime algorithm for {POMDP}s},
  Author                   = {J. Pineau and G. Gordon and S. Thrun},
  Booktitle                = {International Joint Conference on Artificial Intelligence},
  Year                     = {2003},
  Address                  = {Acapulco, Mexico},
  Pages                    = {1025-1032}
}

@Article{Pineau06,
  Title                    = {Anytime Point based Approximations for large {POMDP}s},
  Author                   = {Joelle Pineau and Geoffrey Gordon and Sebastian Thrun},
  Journal                  = {Journal of Artificial Intelligence Research},
  Year                     = {2006},
  Pages                    = {335-380},
  Volume                   = {27}
}

@InProceedings{Platt10,
  Title                    = {Belief space planning assuming maximum likelihood observatoins},
  Author                   = {Robert Platt and Russ Tedrake and Leslie Kaelbling and Tomas Lozano-Perez},
  Booktitle                = {Proceedings of Robotics: Science and Systems (RSS)},
  Year                     = {2010},
  Address                  = {Zaragoza, Spain},
  Month                    = {June}
}

@InProceedings{Platt10_draft,
  Title                    = {Belief space planning assuming maximum likelihood observatoins},
  Author                   = {Robert Platt and Russ Tedrake and Leslie Kaelbling and Tomas Lozano-Perez},
  Booktitle                = {Initial draft for Robotics: Science and Systems (RSS)},
  Year                     = {2010},
  Month                    = {June}
}

@InProceedings{Platt11-isrr,
  Title                    = {Efficient Planning in Non-{G}aussian Belief Spaces and its Application to Robot Grasping},
  Author                   = {Platt, R. and Kaelbling, L. and Lozano-Perez, T. and and Tedrake, R.},
  Booktitle                = {Proc. of International Symposium of Robotics Research, (ISRR)},
  Year                     = {2011},
  Address                  = {Flagstaff, AZ}
}

@InProceedings{platt-wafr12-RHC,
  Title                    = {Convex receding horizon control in non-{G}aussian belief space},
  Author                   = {R. Platt},
  Booktitle                = {Workshop on the Algorithmic Foundations of Robotics (WAFR)},
  Year                     = {2012},
  Address                  = {Cambridge, MA}
}

@Article{PLEIADES,
  Title                    = {http://smsc.cnes.fr/PLEIADES/GP\_satellite.htm},
  Author                   = {PLEIADES }
}

@Article{pliu2003,
  Title                    = {Data Communications for Internet Robots},
  Author                   = {P. X. Liu and M. Meng and S.X. Yang},
  Journal                  = {Autonomous Robots},
  Year                     = {2003},
  Pages                    = {213-223},
  Volume                   = {15}
}

@Article{pollak1998,
  Title                    = {A webcam as recording device for light microscopes},
  Author                   = {C. Pollak and H. Hutter},
  Journal                  = {Journal of Computer-Assisted Microscopy},
  Year                     = {1998},
  Number                   = {4},
  Pages                    = {179-83},
  Volume                   = {10}
}

@InProceedings{Pollefeys1998,
  Title                    = {Metric {3D} Surface Reconstruction from Uncalibrated Image Sequences},
  Author                   = {M. Pollefeys and R. Koch and M. Vergauwen and L. Van Gool},
  Booktitle                = {Proc. SMILE Workshop (post-ECCV'98)},
  Year                     = {1998},
  Month                    = {June},
  Pages                    = {138-153},
  Publisher                = {Springer-Verlag}
}

@Article{Porta06-pointbased,
  Title                    = {Point-Based Value Iteration for Continuous {POMDP}s},
  Author                   = {Josep M. Porta and Nikos Vlassis and Matthijs T. J. Spaan and Pascal Poupart},
  Journal                  = {Journal of Machine Learning Research},
  Year                     = {2006},
  Month                    = nov,
  Pages                    = {2329--2367},
  Volume                   = {7}
}

@Article{Prentice09,
  Title                    = {The Belief Roadmap: Efficient Planning in Belief Space by Factoring the Covariance},
  Author                   = {Sam Prentice and Nicholas Roy},
  Journal                  = {International Journal of Robotics Research},
  Year                     = {2009},
  Month                    = {October},
  Number                   = {11-12},
  Volume                   = {28}
}

@Book{putnam00,
  Title                    = {Bowling Alone: The Collapse and Revival of American Community},
  Author                   = {R. Putnam},
  Publisher                = {New York: Simon and Shuster},
  Year                     = {2001}
}

@InProceedings{Quaid-icra02,
  Title                    = {Haptic Information Displays for Computer-Assisted Surgery},
  Author                   = {A. E. Quaid and R. A. Abovitz},
  Booktitle                = {IEEE International Conference on Robotics and Automation (ICRA), Washington DC, US},
  Year                     = {2002},
  Month                    = {May},
  Pages                    = {2092-2097}
}

@Article{quan1996,
  Title                    = {Conic Reconstruction and Correspondence From Two Views},
  Author                   = {L. Quan},
  Journal                  = {IEEE Transactions on Patern Analysis and Machine Intelligence},
  Year                     = {1996},
  Month                    = {Feb.},
  Number                   = {2},
  Pages                    = {151-160},
  Volume                   = {18}
}

@InProceedings{queue-theory,
  Title                    = {Queueing theory},
  Author                   = {R. B. Cooper},
  Booktitle                = {ACM 81: Proceedings of the ACM 81 conference},
  Year                     = {1981},
  Pages                    = {119--122},
  Publisher                = {ACM Press},
  ISBN                     = {0-89791-049-4}
}

@Unpublished{quickbird2,
  Author                   = {http://www.crisp.nus.edu.sg/~research/tutorial/quickbird.htm}
}

@Unpublished{radarsat_price,
  Author                   = {http://www.rsi.ca/products/sensor/radarsat/rs1\_price\_us.asp}
}

@Article{Radarsat2,
  Title                    = {http://www.radarsat2.info/index.asp},
  Author                   = {RADARSAT-2}
}

@InProceedings{Rahmann01,
  Title                    = {Reconstruction of Specular Surfaces using Polarization Imaging},
  Author                   = {S. Rahmann and N. Canterakis},
  Booktitle                = {IEEE Computer Society Conference on Computer Vision and Pattern Recognition (CVPR'01)},
  Year                     = {2001}
}

@InProceedings{rappole2007,
  Title                    = {Conservation and management for migratory birds: Insights from population data and theory for the White-winged Dove.},
  Author                   = {J. Rappole and A. Pine and D. Swanson and G. Waggerman},
  Booktitle                = {The 25th Anniversary Symposium for the Caesar Kleberg Wildlife Research Institute (T. Fulbright and D. Hewitt, eds.), CRC Press, Gainesville, Florida},
  Year                     = {2007}
}

@InCollection{rappole2007a,
  Title                    = {Apparent rapid range change in South Texas birds: Response to climate change?},
  Author                   = {J. Rappole and G. Blacklock and J. Norwine},
  Booktitle                = {In The changing climate of South Texas 1900-2100: Problems and prospects; impacts and implications (J. Norwine, and K. John, eds.)},
  Publisher                = {CREST-RESSACA, Texas A\&M University, Kingsville, Texas},
  Year                     = {2007},
  Pages                    = {133-145}
}

@InProceedings{Rasmussen04,
  Title                    = {Grouping Dominant Orientations for Ill-Structured Road Following},
  Author                   = {C. Rasmussen},
  Booktitle                = {Proceedings of IEEE Computer Society Conference on Computer Vision and Pattern Recognition},
  Year                     = {2004},
  Month                    = {June},
  Pages                    = {470-477 },
  Volume                   = {1}
}

@Article{raymond98,
  Title                    = {The Cathedral and the Bazaar},
  Author                   = {E. S. Raymond},
  Journal                  = {First Monday, www.firstmonday.dk},
  Year                     = {1998},
  Number                   = {3(3)}
}

@InProceedings{Ready07,
  Title                    = {Improving Accuracy of MAV Pose Estimation using Visual Odometry},
  Author                   = {B. Ready and C. Taylor},
  Booktitle                = {American Control Conference},
  Year                     = {2007},
  Address                  = {New York, USA},
  Month                    = {July},
  Pages                    = {3721-3726}
}

@Misc{reif95social,
  Title                    = {Social potential fields: A distributed behavioral control for autonoomous robots},
  Author                   = {J. Reif and H. Wang},
  Year                     = {1995},
  Pages                    = {431-459},
  Text                     = {J. Reif and H. Wang. Social potential fields: A distributed behavioral control for autonoomous robots. In K. Goldberg, D. Halperin, J.-C. Latombe, and R. Wilson, editors, International Workshop on Algorithmic Foundations of Robotics (WAFR), A. K. Peters, Wellesley, MA, 1995.}
}

@InProceedings{Reist10,
  Title                    = {Simulation-Based LQR-Trees with input and state constraints},
  Author                   = {Philipp Reist and Russ Tedrake},
  Booktitle                = {ICRA},
  Year                     = {2010},
  Month                    = {May}
}

@InProceedings{renji1999,
  Title                    = {Cooperative Assembly Algorithm of Multiple Distributed Agent Based Robotic System},
  Author                   = {R. Chen and Z. Wu and Y. Wang and C. Dong, D. Tan},
  Booktitle                = {30th International Symposium on Robotics},
  Year                     = {1999},
  Month                    = {June},
  Pages                    = {545-552}
}

@Book{Resnick99,
  Title                    = {A probability path},
  Author                   = {Sidney I. Resnick},
  Publisher                = {Birkhauser},
  Year                     = {1999}
}

@Article{reynolds87,
  Title                    = {Flocks, Herds, and Schools: A Distributed Behavior Model},
  Author                   = {C. W. Reynolds},
  Journal                  = {Computer Graphics},
  Year                     = {1987},
  Number                   = {4},
  Pages                    = {25-34},
  Volume                   = {21}
}

@Article{Riko01,
  Title                    = {Telerobotis Experiments via Internet},
  Author                   = {R. Safaric and M. Debevc and R. M. Parkin and S. Uran},
  Journal                  = {IEEE Transaction on Industrail Electronics},
  Year                     = {2001},
  Month                    = {April},
  Pages                    = {424-431},
  Volume                   = {48}
}

@Article{rim1995,
  Title                    = {On Rectangle Intersection and Overlap Graphs},
  Author                   = {C.S. Rim and K. Nakajima},
  Journal                  = {IEEE Transactions on Circuits and Systems-I: Fundamental Theory and Applications},
  Year                     = {1995},
  Number                   = {9},
  Pages                    = {549-554},
  Volume                   = {42}
}

@InProceedings{Roger01,
  Title                    = {An Audience-Interactive Multimedia Production on the Brain},
  Author                   = {R. Dannenberg and R. Fisher},
  Booktitle                = {Connecticut College Symposium on Art and Technology},
  Year                     = {2001},
  Month                    = {March}
}

@InProceedings{Rosenberg1993,
  Title                    = {Virtual fixtures: Perceptual tools for telerobotic manipulation},
  Author                   = {L. B. Rosenberg},
  Booktitle                = {Virtual Reality Annual International Symposium, Seattle, WA, USA},
  Year                     = {1993},
  Month                    = {Sep.},
  Pages                    = {76-82}
}

@Article{Ross08,
  Title                    = {Online Planning Algorithms for {POMDP}s},
  Author                   = {St{\'e}phane Ross and Joelle Pineau and S{\'e}bastien Paquet and Brahim Chaib-draa},
  Journal                  = {Journal of Artificial Intelligence Research},
  Year                     = {2008},
  Pages                    = {663-704},
  Volume                   = {32}
}

@InProceedings{safaric2000,
  Title                    = {Distributed control system for an active surface device},
  Author                   = {P. Ku and K.T. Winther and H.F. Stephanou and R. Safaric},
  Booktitle                = {IEEE International Conference on Robotics and Automation (ICRA)},
  Year                     = {2001},
  Month                    = {May},
  Pages                    = {3417-3422},
  Volume                   = {4}
}

@InProceedings{sagawa2001,
  Title                    = {Parallel Processing of Range Data Merging},
  Author                   = {R. Sagawa and K. Nishino and M.D. Wheeler and K. Ikeuchi},
  Booktitle                = {IEEE/RSJ International Conference on Intelligent Robots and System (IROS)},
  Year                     = {2001},
  Month                    = {Oct./Nov.},
  Pages                    = {577-583},
  Volume                   = {1}
}

@InProceedings{samson1991feedback,
  Title                    = {Feedback control of a nonholonomic wheeled cart in cartesian space},
  Author                   = {Samson, Claude and Ait-Abderrahim, K},
  Booktitle                = {IEEE International Conference on Robotics and Automation},
  Year                     = {1991},
  Address                  = {Sacramento, CA},
  Organization             = {IEEE},
  Pages                    = {1136--1141}
}

@InProceedings{Sanchez02,
  Title                    = {Non-holonomic path planning using a quasi-random {PRM} approach},
  Author                   = {Abraham S{\'{a}}nchez and Abraham Arenas and Ren{\'{e}} Zapata},
  Booktitle                = IROS,
  Year                     = {2002},
  Address                  = {Lausanne, Switzerland}
}

@InProceedings{Santos-Victor93,
  Title                    = {Divergent stereo for robot navigation: learning from bees},
  Author                   = {J. Santos-Victor and G. Sandini and F. Curotto and S. Garibaldi},
  Booktitle                = {Proceedings of IEEE Computer Society Conference on Computer Vision and Pattern Recognition, New York, NY},
  Year                     = {1993},
  Month                    = {June},
  Pages                    = {434-439}
}

@InProceedings{sato2004b,
  Title                    = {Cooperative Task Execution by an Mupltiple Robot Team and Its Operators in Search and Rescue Operations},
  Author                   = {N. Sato and F. Matsuno and T. Yamasaki and T. Kamegawa},
  Booktitle                = {IEEE/RSJ Internetional Conference on Intelligent Robots and Systems, Sendai, Japan},
  Year                     = {2004},
  Month                    = {Oct.},
  Pages                    = {1083-1088}
}

@InCollection{Scaramuzza08CVS,
  Title                    = {Monocular Omnidirectional Visual Odometry for Outdoor Ground Vehicles},
  Author                   = {D. Scaramuzza and R. Siegwart},
  Booktitle                = {Computer Vision Systems},
  Publisher                = {Springer-Berlin},
  Year                     = {2008},
  Pages                    = {5206-215},
  Volume                   = {5008}
}

@Article{Scaramuzza08TRO,
  Title                    = {Appearance-guided Monocular Omnidirectional Visual Odometry for Outdoor Ground Vehicles},
  Author                   = {D. Scaramuzza and R. Siegwart},
  Journal                  = {IEEE Transactions on Robotics},
  Year                     = {2008},
  Month                    = {Oct.},
  Number                   = {5},
  Pages                    = {1015-1026},
  Volume                   = {24}
}

@InProceedings{Scassellati2005-isrr,
  Title                    = {How social robots will help us to diagnose, treat, and understand autism},
  Author                   = {B. Scassellati},
  Booktitle                = {The 12th International Symposium of Robotics Research, (ISRR), San Francisco, CA},
  Year                     = {2005},
  Month                    = {October}
}

@InProceedings{schaffalitzky2001,
  Title                    = {Viewpoint Invariant Texture Matching and Wide Baseline Stereo},
  Author                   = {Schaffalitzky, F. and Zisserman, A.},
  Booktitle                = {Proc. 8th International Conference on Computer Vision, Vancouver, Canada},
  Year                     = {2001},
  Month                    = {July},
  URL                      = {citeseer.ist.psu.edu/schaffalitzky01viewpoint.html}
}

@Article{Scharstein2002,
  Title                    = {A Taxonomy and Evaluation of Dense Two-Frame Stereo Correspondence Algorithms},
  Author                   = {D. Scharstein and R. Szeliski},
  Journal                  = {International Journal of Computer Vision},
  Year                     = {2002},
  Number                   = {1/2/3},
  Pages                    = {7-42},
  Volume                   = {47}
}

@InProceedings{schechner01,
  Title                    = {Generalized Mosaicing},
  Author                   = {Y. Y. Schechner and S. K. Nayar},
  Booktitle                = {Proceedings of the 8th IEEE International Conference on Computer Vision, Vancouver, British Columbia, Canada},
  Year                     = {2001},
  Month                    = {July},
  Pages                    = {17-24},
  Volume                   = {1}
}

@InProceedings{schiff-case08,
  Title                    = {Actuator Networks for Navigation of an Unobserved Mobile Robot without Localization},
  Author                   = {J Schiff and A. Kulkarni and D. Bazo and V. Duindam and R. Alterovitz and D. Song and K. Goldberg},
  Booktitle                = {IEEE International Conference on Automation Science and Engineering (CASE), Washington DC, US},
  Year                     = {2008},
  Month                    = {Aug},
  Pages                    = {53-60}
}

@InProceedings{schmid2001,
  Title                    = {Performance teletests for industrial robots by the Internet},
  Author                   = {D. Schmid and B. Maule and I. Roth},
  Booktitle                = {First IFAC-Conference on Telematics Applications in Automation and Robotics TA 2001. Weingarten, Germany. IFAC},
  Year                     = {2001},
  Month                    = {7}
}

@InCollection{Seong2006,
  Title                    = {Effective Detector and Kalman Filter Based Robust Face Tracking System},
  Author                   = {C. Seong and B. Kang1 and J. Kim and S. Kim},
  Booktitle                = {Advances in Image and Video Technology, Lecture Notes in Computer Science},
  Publisher                = {Springer Berlin / Heidelberg},
  Year                     = {2006},
  Pages                    = {453--462}
}

@InProceedings{Shah12,
  Title                    = {Stochastic receding horizon control for robots with probabilistic state constraints},
  Author                   = {Shridhar K. Shah and Chetan D. Pahlajani and Nicholaus A. Lacock and Herbert G. Tanner},
  Booktitle                = ICRA,
  Year                     = {2012},
  Address                  = {Minneapolis, MN}
}

@InProceedings{Shamoun-Baranes2008,
  Title                    = {Combining sensors and communities to monitor bird movements},
  Author                   = {Judy Shamoun-Baranes},
  Booktitle                = {International Workshop on Distributed Sensing and Collective Intelligence in Biodiversity Monitoring, Dec. 3-5, Amsterdam, The Netherlands},
  Year                     = {2008}
}

@InProceedings{sharecam2002,
  Title                    = {Exact and Distributed Algorithms for Collaborative Camera Control},
  Author                   = {D. Song and A. F. van der Stappen and K. Goldberg},
  Booktitle                = { Algorithmic Foundations of Robotics V, Springer Tracts in Advanced Robotics 7},
  Year                     = {2002},
  Editor                   = {J.-D. Boissonnat and J. Burdick and K. Goldberg and S. Hutchinson},
  Month                    = {Dec.},
  Pages                    = {167-183},
  Publisher                = {Springer-Verlag Berlin Heidelberg}
}

@InProceedings{sharecam2003a,
  Title                    = {ShareCam Part {I}: Interface, System Architecture, and Implementation of a Collaboratively Controlled Robotic Webcam},
  Author                   = {D. Song and K. Goldberg},
  Booktitle                = {IEEE/RSJ International Conference on Intelligent Robots (IROS), Las Vegas, NV},
  Year                     = {2003},
  Month                    = {Oct.},
  Pages                    = {1080 - 1086},
  Volume                   = {2}
}

@InProceedings{sharecam2003b,
  Title                    = {ShareCam Part {II}: Approximate and Distributed Algorithms for a Collaboratively Controlled Robotic Webcam},
  Author                   = {D. Song and A. Pashkevich and K. Goldberg},
  Booktitle                = {IEEE/RSJ International Conference on Intelligent Robots (IROS), Las Vegas, NV},
  Year                     = {2003},
  Month                    = {Oct.},
  Pages                    = {1087 - 1093 },
  Volume                   = {2}
}

@Article{Shenoy1979,
  Title                    = {On Coalition Formation: A Game-Theoretical Approach},
  Author                   = {P. Shenoy},
  Journal                  = { International Journal of Game Theory },
  Year                     = {1979},
  Pages                    = {133-164},
  Volume                   = {8}
}

@TechReport{shum1997,
  Title                    = {Panoramic Image Mosaics},
  Author                   = {H.Y. Shum and R. Szeliski},
  Institution              = {Microsoft Research, MSR-TR-97-23},
  Year                     = {1997}
}

@InProceedings{siegwart1999,
  Title                    = {Interacting mobile robots on the web},
  Author                   = {R. Siegwart and P. Saucy},
  Booktitle                = {IEEE International Conference on Robotics and Automation (ICRA)},
  Year                     = {1999}
}

@Book{Simon06,
  Title                    = {Optimal State Estimation: {K}alman, {H}-infinity, and Nonlinear Approaches},
  Author                   = {Dan Simon},
  Publisher                = {John Wiley and Sons, Inc, Malden, MA},
  Year                     = {2006}
}

@Article{Singh07,
  Title                    = {Simulation-based optimal sensor scheduling with application to observer trajectory planning},
  Author                   = {Sumeetpal S. Singh and Nikolaos Kantas and Ba-Ngu Vo and Arnaud Doucet and Robin J. Evans},
  Journal                  = {Automatica},
  Year                     = {2007},
  Pages                    = {817-830},
  Volume                   = {43}
}

@Article{Singh2007,
  Title                    = {Tracking and coordination of multiple agents using sensor networks: system design, algorithms and experiments},
  Author                   = {S. Oh and L. Schenato and P. Chen and S. Sastry},
  Journal                  = {Proceedings of the IEEE},
  Year                     = {2007},
  Month                    = {Jan.},
  Number                   = {1},
  Pages                    = {234�254},
  Volume                   = {95}
}

@InProceedings{Singh91,
  Title                    = {Obstacle Detection for High Speed Autonomous Navigation},
  Author                   = {S. Singh and P. Keller},
  Booktitle                = {Proceedings of the International Conference on Robotics and Automation, Scaramento,California},
  Year                     = {1991},
  Month                    = {April},
  Pages                    = {2798-2805}
}

@Article{SinghBatalinStealeyEtAl2007,
  Title                    = {Human Assisted Robotic Team Campaigns for Aquatic Monitoring},
  Author                   = {A. Singh and M. Batalin and M. Stealey and B. Zhang and A. Dhariwal and B. Stauffer and S. Moorthi and C. Oberg and A. Pereira and V. Chen and Y. Lam and D. Caron and M. Hansen and W. Kaiser and G. Sukhatme},
  Journal                  = {Journal of Field Robotics},
  Year                     = {2007},
  Number                   = {11-12},
  Pages                    = {969�989},
  Volume                   = {24}
}

@InProceedings{Sinha04,
  Title                    = {Towards Calibrating a Pan-Tilt-Zoom Cameras Network},
  Author                   = {S. Sinha and M. Pollefeys},
  Booktitle                = {OMNIVIS 2004, ECCV Conference Workshop, Zofin Palace, Slovansky ostrov, Prague 1, Czech Republic},
  Year                     = {2004},
  Month                    = {May}
}

@Article{sit2007,
  Title                    = {Multi-robot mobility enhanced hop-count based localization in ad hoc networks},
  Author                   = {T. Sit and Z. Liu and M. Ang Jr. and W. Seah},
  Journal                  = {Robotics and Autonomos Systems},
  Year                     = {2007},
  Pages                    = {244-252},
  Volume                   = {55}
}

@Article{Smallwood73,
  Title                    = {The Optimal Control of Partially Observable {M}arkov Processes over a finite horizon},
  Author                   = {R. D. Smallwood and E. J. Sondik},
  Journal                  = {Operations Research},
  Year                     = {1973},
  Number                   = {5},
  Pages                    = {1071-1088},
  Volume                   = {21}
}

@InProceedings{Smith05-HSVI,
  Title                    = {Point-based {POMDP} algorithms: Improved analysis and implementation},
  Author                   = {T. Smith and R. Simmons},
  Booktitle                = {Proceedings of Uncertainty in Artificial Intelligence},
  Year                     = {2005}
}

@Article{Sniedovich06,
  Title                    = {Dijkstra's algorithm revisited: the dynamic programming connexion},
  Author                   = {Moshe Sniedovich},
  Journal                  = {Control and Cybernetics},
  Year                     = {2006},
  Number                   = {3},
  Pages                    = {599-620},
  Volume                   = {35}
}

@Article{Soisaloa2006,
  Title                    = {Estimating the density of a jaguar population in the Brazilian Pantanal using camera-traps and capture�recapture sampling in combination with GPS radio-telemetry},
  Author                   = {M. Soisaloa and S. Cavalcantib},
  Journal                  = {Biological Conservation},
  Year                     = {2006},
  Month                    = {May},
  Number                   = {4},
  Pages                    = {487-496},
  Volume                   = {129}
}

@InProceedings{song1992,
  Title                    = {Quadric Curve Based Stereo},
  Author                   = {D. Song and H. Shao and Y. Zhi},
  Booktitle                = {The 11th IAPR International Conference on Pattern Recognition: Conference A: Computer Vision and Applications},
  Year                     = {1992},
  Month                    = {Aug.},
  Pages                    = {1-4},
  Volume                   = {I}
}

@InProceedings{Song2004,
  Title                    = {An Exact Algorithm Optimizing Coverage-Resolution for Automated Satellite Frame Selection},
  Author                   = {D. Song and A.F. van der Stappen and K. Goldberg},
  Booktitle                = {IEEE International International Conference on Robotics and Automation (ICRA 2004), New Orleans, US},
  Year                     = {2004},
  Month                    = {May}
}

@InProceedings{Song2005a,
  Title                    = {Automating High Resolution Panoramic Inspection and Documentation of Construction Using a Robotic Camera},
  Author                   = {D. Song and Q. Hu and N. Qin and K. Goldberg},
  Booktitle                = {IEEE Conference on Automation Science and Engineering, Edmonton, Canada},
  Year                     = {2005},
  Month                    = {Aug.}
}

@TechReport{Song2005b,
  Title                    = {Algorithms for Maintaining a High-Resolution Panoramic Display with a Tele-Operated Robotic Camera},
  Author                   = {D. Song and Q. Ni and K. Goldberg},
  Institution              = {\#2005-5-1, Computer Science Department, Texas A\&M University},
  Year                     = {2005},
  URL                      = {http://www.cs.tamu.edu/research/tr}
}

@InProceedings{Song2005-isrr,
  Title                    = {Networked Robotic Cameras for Collaborative Observation of Natural Environments},
  Author                   = {D. Song and K. Goldberg},
  Booktitle                = {The 12th International Symposium of Robotics Research, (ISRR), San Francisco, CA},
  Year                     = {2005},
  Month                    = {October}
}

@Article{Song2006,
  Title                    = {Exact Algorithms for Single Frame Selection on Multi-Axis Satellites},
  Author                   = {D. Song and A. F. van der Stappen and K. Goldberg},
  Journal                  = {IEEE Transactions on Automation Science and Engineering},
  Year                     = {2006},
  Month                    = {January},
  Number                   = {1},
  Pages                    = {16-28},
  Volume                   = {3}
}

@InProceedings{Song2006a,
  Title                    = {Vision-based Motion Planning for an Autonomous Motorcycle on Ill-Structured Road},
  Author                   = {D. Song and H. Lee and J. Yi and A. Levandowski},
  Booktitle                = {IEEE/RSJ International Conference on Intelligent Robots (IROS), Beijing, China},
  Year                     = {2006},
  Month                    = {Oct.}
}

@InProceedings{Song2006-icra,
  Title                    = {A Minimum Variance Calibration Algorithm for Pan-Tilt Robotic Cameras in Natural Environments},
  Author                   = {D. Song and N. Qin and K. Goldberg},
  Booktitle                = {IEEE International Conference on Robotics and Automation (ICRA), Orlando, Florida},
  Year                     = {2006},
  Month                    = {May}
}

@Article{Song2006-satellite,
  Title                    = {Exact Algorithms for Single Frame Selection on Multi-Axis Satellites},
  Author                   = {D. Song and F. van der Stappen and K. Goldberg},
  Journal                  = {IEEE Transactions on Automation Science and Engineering},
  Year                     = {2006},
  Month                    = {Jan.},
  Number                   = {1},
  Pages                    = {16-28},
  Volume                   = {3}
}

@Article{Song2007-appro,
  Title                    = {Approximate Algorithms for a Collaboratively Controlled Robotic Camera},
  Author                   = {D. Song and K. Goldberg},
  Journal                  = {IEEE Transactions on Robotics},
  Year                     = {2007},
  Month                    = {Nov.},
  Number                   = {5},
  Pages                    = {1061-1070},
  Volume                   = {23}
}

@Article{Song2007-bike,
  Title                    = {Vision-based Motion Planning for an Autonomous Motorcycle on Ill-Structured Roads},
  Author                   = {D. Song and H. Lee and J. Yi and A. Levandowski},
  Journal                  = {Autonomous Robots},
  Year                     = {2007},
  Month                    = {Oct.},
  Number                   = {3},
  Pages                    = {197-212},
  Volume                   = {23}
}

@InProceedings{song2007radio,
  Title                    = {Localization of Unknown Networked Radio Sources Using a Mobile Robot with a Directional Antenna},
  Author                   = {D. Song and J. Yi and Z. Goodwin},
  Booktitle                = {the American Control Conference (ACC), New York City, USA, July},
  Year                     = {2007},
  Pages                    = {5952-5957}
}

@InProceedings{Song2008-acone,
  Title                    = {System and Algorithms for an Autonomous Observatory Assisting the Search for the Ivory-Billed Woodpecker},
  Author                   = {D. Song and N. Qin and Y. Xu and D. Luneau and K. Goldberg},
  Booktitle                = {IEEE International Conference on Automation Science and Engineering (CASE), Washington DC},
  Year                     = {2008},
  Month                    = {August}
}

@TechReport{Song2008-bird-a,
  Title                    = {Monocular Vision-based Detection of a Flying Bird},
  Author                   = {D. Song and Y. Xu},
  Institution              = {Technical Report \#2008-11-3, Computer Science and Engineering Department, Texas A\&M University},
  Year                     = {2008}
}

@InProceedings{Song2008-case-acone,
  Title                    = {On the Analysis of the Depth Error on the Road Plane for Monocular Vision-Based Robot Navigation},
  Author                   = {D. Song and H. Lee and J. Yi},
  Booktitle                = {The Eighth International Workshop on the Algorithmic Foundations of Robotics, Guanajuato, M�xico, Dec. 7-9},
  Year                     = {2008}
}

@Article{Song2008-cone,
  Title                    = {Systems, Control Models, and Codec for Collaborative Observation of Remote Environments with an Autonomous Networked Robotic Camera},
  Author                   = {D. Song and N. Qin and K. Goldberg},
  Journal                  = {Autonomous Robots},
  Year                     = {2008},
  Month                    = {May.},
  Number                   = {4},
  Pages                    = {435-449},
  Volume                   = {24}
}

@InProceedings{Song2008-mono-robot,
  Title                    = {On the Analysis of the Depth Error on the Road Plane for Monocular Vision-Based Robot Navigation},
  Author                   = {D. Song and H. Lee and J. Yi},
  Booktitle                = {The Eighth International Workshop on the Algorithmic Foundations of Robotics, Guanajuato, Mexico, Dec. 7-9},
  Year                     = {2008}
}

@TechReport{Song2008-radio-a,
  Title                    = {Monte Carlo Simultaneous Localization of Multiple Unknown Transient Radio Sources Using a Mobile Robot with a Directional Antenna},
  Author                   = {D. Song and C. Kim and J. Yi},
  Institution              = {Technical Report \#2008-11-1, Computer Science and Engineering Department, Texas A\&M University},
  Year                     = {2008}
}

@Book{song2009sharing,
  Title                    = {Sharing a Vision: Systems and Algorithms for Collaboratively-Teleoperated Robotic Cameras},
  Author                   = {D. Song},
  Publisher                = {Sringer},
  Year                     = {2009}
}

@InProceedings{Song-Amato-01-CPRM,
  Title                    = {Randomized Motion Planning for Car-like Robots with {C-PRM}},
  Author                   = {Guang Song and Nancy M. Amato},
  Booktitle                = IROS,
  Year                     = {2001},
  Address                  = {Maui, Hawaii}
}

@InProceedings{Song-depth-2008,
  Title                    = {On the Analysis of the Depth Error on the Road Plane for Monocular Vision-Based Robot Navigation},
  Author                   = {D. Song and H. Lee and J. Yi},
  Booktitle                = {The Eighth International Workshop on the Algorithmic Foundations of Robotics (WAFR), Dec. 7-9, 2008, Guanajuato, M�xico},
  Year                     = {2008}
}

@PhdThesis{Song-phd,
  Title                    = {Systems and Algorithms for Collaborative Teleoperation},
  Author                   = {D. Song},
  School                   = {Department of Industrial Engineering and Operations Research, University of California, Berkeley},
  Year                     = {2004}
}

@Article{Spaan05,
  Title                    = {Perseus: Randomized point-based vallue iteration for {POMDP}s},
  Author                   = {M. Spaan and N. Vlassis},
  Journal                  = {Journal of Artificial Intelligence Research},
  Year                     = {2005},
  Pages                    = {195-220},
  Volume                   = {24}
}

@Article{srinivasa2010herb,
  Title                    = {HERB: a home exploring robotic butler},
  Author                   = {Srinivasa, Siddhartha S and Ferguson, Dave and Helfrich, Casey J and Berenson, Dmitry and Collet, Alvaro and Diankov, Rosen and Gallagher, Garratt and Hollinger, Geoffrey and Kuffner, James and Weghe, Michael Vande},
  Journal                  = {Autonomous Robots},
  Year                     = {2010},
  Number                   = {1},
  Pages                    = {5--20},
  Volume                   = {28},
  Publisher                = {Springer}
}

@InProceedings{Stephens89,
  Title                    = {Outdoor Vehicle Navigation Using Passive 3D Vision},
  Author                   = {M. J. Stephens and R. J. Blissett and D. Charnley and E. P. Sparks and J. M. Pike},
  Booktitle                = {Proceedings of IEEE Computer Society Conference on Computer Vision and Pattern Recognition, San Diego, CA, USA},
  Year                     = {1989},
  Month                    = {June},
  Pages                    = {556-562}
}

@InProceedings{sturm1999,
  Title                    = {On Plane-Based Camera Calibration: A General Algorithm, Singularities, Applications},
  Author                   = {P. Sturm and S. Maybankt},
  Booktitle                = {IEEE Conference on Computer Vision and Pattern Recognition},
  Year                     = {1999},
  Pages                    = {432-437}
}

@Article{Sutton99,
  Title                    = {Between {MDP}S and semi-{MDP}S: A framework for temporal abstraction in reinforcement learning},
  Author                   = {Richard Sutton and Doina Precup and Satinder Singh},
  Journal                  = {Artificial Intelligence},
  Year                     = {1999},
  Pages                    = {181-211},
  Volume                   = {112}
}

@Book{Sutton-smith1997,
  Title                    = {The Ambiguity of Play},
  Author                   = {B. Sutton-Smith},
  Publisher                = {Harvard University Press},
  Year                     = {1997}
}

@Article{Svestka97,
  Title                    = {Motion Planning for car-like robots using a probabilistic learning approach},
  Author                   = {P. {\v{S}}vestka and M. Overmars},
  Journal                  = {International Journal of Robotics Research},
  Year                     = {1997},
  Number                   = {2},
  Pages                    = {119-143},
  Volume                   = {16}
}

@Article{Swaminathan2000,
  Title                    = {Nonmetric Calibration of Wide-Angle Lenses and Polycameras },
  Author                   = {R. Swaminathan and S. K. Nayar},
  Journal                  = {IEEE Transactions on Pattern Analysis and Machine Intelligence},
  Year                     = {2000},
  Month                    = {October},
  Number                   = {10},
  Pages                    = {1172-1178},
  Volume                   = {22}
}

@Article{SwannCam,
  Title                    = {http://www.swann.com.au}
}

@TechReport{Szeliski1997,
  Title                    = {Panoramic Image Mosaics},
  Author                   = {Heung-Yeung Shum and Richard Szeliski},
  Institution              = {Microsoft Research Technical Report MSR-TR-97-23},
  Year                     = {1997}
}

@Article{Szeliski2006,
  Title                    = {Image alignment and stitching: a tutorial},
  Author                   = {Richard Szeliski},
  Journal                  = {Found. Trends. Comput. Graph. Vis.},
  Year                     = {2006},
  Number                   = {1},
  Pages                    = {1--104},
  Volume                   = {2},
  Address                  = {Hanover, MA, USA},
  DOI                      = {http://dx.doi.org/10.1561/0600000009},
  ISSN                     = {1572-2740},
  Publisher                = {Now Publishers Inc.}
}

@Article{Tamas04,
  Title                    = {Near-optimal dynamics trajectory generation and control of an omnidirectional vehicle},
  Author                   = {Tam{\'a}s Kalm{\'a}r-Nagy and Raffaello D'Andrea and Pritam Ganguly},
  Journal                  = {Robotics and Autonomous Systems},
  Year                     = {2004},
  Month                    = {January},
  Number                   = {1},
  Pages                    = {47-64},
  Volume                   = {46}
}

@Article{tan2004,
  Title                    = {Multiview panoramic cameras using mirror pyramids},
  Author                   = {K.-H. Tan and H. Hua and N. Ahuja},
  Journal                  = {IEEE Transactions on Pattern Analysis and Machine Intelligence},
  Year                     = {2004},
  Month                    = {July},
  Number                   = {7},
  Pages                    = {1941- 946},
  Volume                   = {26}
}

@InProceedings{tang2001,
  Title                    = {Concentric Panorama Geometry},
  Author                   = {W. K. Tang and Y. S. Hung},
  Booktitle                = {8th IEEE Conference on Mechatrinics and Machine Vision in Practice, Hong Kong},
  Year                     = {2001},
  Pages                    = {507-512}
}

@Misc{taylan2001,
  Title                    = {An Efficient Exact Algorithm for Vertex P-Center Problem},
  Author                   = {T. Ilan and M.C. Pinar},
  Year                     = {2001},
  Text                     = {http://www.optimization-online.org/DB_HTML/2001/09/376.html}
}

@InProceedings{taylor1995,
  Title                    = {Australia�s telerobot on the web},
  Author                   = {K. Taylor and J.P. Trevelyan},
  Booktitle                = {26th Symposium on Industrial Robotics, Singapore},
  Year                     = {1995},
  Month                    = {Oct.},
  Pages                    = {39-44}
}

@InProceedings{Tedrake09,
  Title                    = {LQR-Trees: Feedback motion planning on sparse randomized trees},
  Author                   = {Russ Tedrake},
  Booktitle                = {Proceedings of Robotics: Science and Systems (RSS)},
  Year                     = {2009},
  Month                    = {June}
}

@InProceedings{teleactor2002,
  Title                    = {Collaborative Online Teleoperation with Spatial Dynamic Voting and a Human ``Tele-Actor''},
  Author                   = {K. Goldberg and D. Song and Y. Khor and D. Pescovitz and A. Levandowski and J. Himmelstein and J. Shih and A. Ho and E. Paulos and J. Donath},
  Booktitle                = {IEEE International Conference on Robotics and Automation (ICRA)},
  Year                     = {2002},
  Month                    = {May},
  Pages                    = {1179-84},
  Volume                   = {2}
}

@Article{teleactor2003,
  Title                    = {Collaborative Teleoperation Using Networked Spatial Dynamic Voting},
  Author                   = {K. Goldberg and D. Song and A. Levandowski},
  Journal                  = {The Proceedings of The IEEE},
  Year                     = {2003},
  Month                    = {March},
  Number                   = {3},
  Pages                    = {430-439},
  Volume                   = {91}
}

@Article{TerraSAR-X,
  Title                    = {http://www.spotimage.fr/html/\_167\_240\_570\_684\_.php},
  Author                   = {TerraSAR-X}
}

@Article{tesla1898,
  Title                    = {Method of and Apparatus for Controlling Mechanism of Moving Vessels or Vehicles},
  Author                   = {N. Tesla},
  Journal                  = {http://www.pbs.org/tesla/res/613809.html},
  Year                     = {1898}
}

@InProceedings{thorpe99,
  Title                    = {Collaborative control: a robot-centric model for vehicle teleoperation},
  Author                   = {T. Fong and C. Thorpe and C. Baur},
  Booktitle                = {Agents with Adjustable Autonomy. Papers from the 1999 AAAI Symposium},
  Year                     = {1999},
  Month                    = {March}
}

@Book{Thrun2005,
  Title                    = {Probabilistic Robotics},
  Author                   = {Sebastian Thrun and Wolfram Burgard and Dieter Fox},
  Publisher                = {MIT Press, Cambridge, MA},
  Year                     = {2005}
}

@Article{tiger2005,
  Title                    = {http://www.tigerhomes.org/ animal/ web-cams.cfm},
  Author                   = {tigherhomes.org},
  Year                     = {2005}
}

@InProceedings{Toit10,
  Title                    = {Robotic motion planning in dynamic, cluttered, uncertain environments},
  Author                   = {Noel Du Toit and Joel W. Burdick},
  Booktitle                = {ICRA},
  Year                     = {2010},
  Address                  = {Anchorage, Alaska},
  Month                    = {May}
}

@Article{Toit12,
  Title                    = {Robot Motion Planning in Dynamic, Uncertain Environments},
  Author                   = {Noel Du Toit and Joel W. Burdick},
  Journal                  = tro,
  Year                     = {2012},
  Month                    = {Feb},
  Number                   = {1},
  Pages                    = {101-115},
  Volume                   = {28}
}

@Article{tomasi92,
  Title                    = {Shape and motion from image streams under orthography: a factorization method},
  Author                   = {C. Tomasi and T. Kanade},
  Journal                  = {International Journal of Computer Vision},
  Year                     = {1992},
  Number                   = {2},
  Pages                    = {137-54},
  Volume                   = {9},
  ISSN                     = {0920-5691},
  Language                 = {English}
}

@Article{Toussaint80,
  Title                    = {The relative neighbourhood graph of a finite planar set},
  Author                   = {G. T. Toussaint},
  Journal                  = {Pattern Recognition},
  Year                     = {1980},
  Pages                    = {261-268},
  Volume                   = {12}
}

@InProceedings{toyama2001,
  Title                    = {Probabilistic tracking in a metric space},
  Author                   = {K. Toyama and A. Blake},
  Booktitle                = {The Eighth IEEE International Conference on Computer Vision (ICCV)},
  Year                     = {2001},
  Month                    = {July},
  Pages                    = {50-57},
  Volum                    = {2}
}

@InProceedings{trucco2000,
  Title                    = {Dynamic video mosaics and augmented reality for subsea inspection and monitoring},
  Author                   = {E. Trucco and A. Doull and F. Odone and A. Fusiello and D. M. Lane.},
  Booktitle                = {Oceanology International, United Kingdom},
  Year                     = {2000},
  Month                    = {March}
}

@InProceedings{tsai1986,
  Title                    = {An Efficient and Accurate Camera Calibration Technique for {3D} Machine Vision},
  Author                   = {R.Y. Tsai},
  Booktitle                = {IEEE Conference on Computer Vision and Pattern Recognition},
  Year                     = {1986},
  Pages                    = {364-374}
}

@Article{tsai1987,
  Title                    = {A versatile camera calibration technique for high-accuracy {3D} machine vision metrology using off-the-shelf tv cameras and lenses},
  Author                   = {R.Y. Tsai},
  Journal                  = {IEEE Journal of Robotics and Automation},
  Year                     = {1987},
  Number                   = {4},
  Pages                    = {323-344},
  Volume                   = {3}
}

@Book{Tsai99,
  Title                    = {Robot Analysis: The Maechanics of Serial and Parallel Manipulators},
  Author                   = {Lung-Wen Tsai},
  Publisher                = {John Wiley and Sons, Inc, Malden, MA},
  Year                     = {1999}
}

@InProceedings{Tsubouchi2004,
  Title                    = {A SLAM Based Teleoperation and Interface System for Indoor Environment Reconnaissance in Rescue Activies},
  Author                   = {T. Tsubouchi and A. Tanaka and A. Ishioka and M. Tomono and S. Yuta},
  Booktitle                = {IEEE/RSJ Internetional Conference on Intelligent Robots and Systems, Sendai, Japan},
  Year                     = {2004},
  Month                    = {Oct.},
  Pages                    = {1096-1102}
}

@InProceedings{ulrich2000,
  Title                    = {Appearance-Based Obstacle Detection with Monocular Color Vision},
  Author                   = {Iwan Ulrich and Illah Nourbakhsh},
  Booktitle                = {AAAI National Conference on Artificial Intelligence, Austin, TX},
  Year                     = {2000}
}

@Article{unilateral2004,
  Title                    = {Unilateral Fixtures for Sheet Metal Parts with Holes},
  Author                   = {K. Gopalakrishnan and K. Goldberg and G. M. Bone and M. Zaluzec and R. Koganti and P. Deneszczuk and R. Pearson},
  Journal                  = {IEEE Transactions on Automation Science and Engineering},
  Year                     = {2004},
  Month                    = {October},
  Number                   = {2},
  Page                     = {110-120},
  Vol                      = {1}
}

@Article{valvesoftware,
  Title                    = {{\bf http://www.valvesoftware.com }}
}

@Article{Varghese2007,
  Title                    = {Passenger Vehicle Occupant Fatalities by Day and Night � A Contrast},
  Author                   = {C. Varghese and U. Shankar},
  Journal                  = {Traffic Safety Facts, Research Note, National Highway Traffic Safety Administration, DOT HS 810637},
  Year                     = {2007},
  Month                    = {May}
}

@Article{vasquez2001,
  Title                    = {A logic-constraint knapsack formulation of a tabu algorithm for the daily photograph scheduling of an earth observation satellite},
  Author                   = {M. Vasquez and J.-K. Hao},
  Journal                  = {J. Comput. Optim. Appl.},
  Year                     = {2001},
  Month                    = {Appl.},
  Number                   = {2},
  Pages                    = {137-157},
  Volume                   = {20}
}

@Article{vedaldi08vlfeat,
  Title                    = {{VLFeat}: An Open and Portable Library of Computer Vision Algorithms},
  Author                   = {A. Vedaldi and B. Fulkerson},
  Year                     = {2008},
  HowPublished             = {\url{http://www.vlfeat.org/}}
}

@InProceedings{Veeraraghavan2005,
  Title                    = {Switching Kalman Filter-Based Approach for Tracking and Event Detection at Traffic Intersections},
  Author                   = {H. Veeraraghavan and P. Schrater and N. Papanikolopoulos},
  Booktitle                = {The 13th Mediterranean Conference on Control and Automation, Limassol, Cyprus},
  Year                     = {2005},
  Month                    = {June},
  Pages                    = {1167-1172}
}

@InProceedings{veltkamp2000,
  Title                    = {Shape Similarity Measures, Properties, and Constructions},
  Author                   = {R. C. Veltkamp and M. Hagedoorn},
  Booktitle                = {Advances in Visual Information Systems, 4th International Conference, VISUAL 2000, Lyon, France, November 2-4, 2000, Proceedings VISUAL},
  Year                     = {2000},
  Pages                    = {467-476},
  Publisher                = {Springer},
  Volume                   = {1929}
}

@Article{verantsoftware,
  Title                    = {{\bf http://www.verant.com}}
}

@InProceedings{verkest2001,
  Title                    = {Design of a secure, intelligent, and reconfigurable Web cam using a C based system design flow.},
  Author                   = {D. Verkest and D. Desmet and P. Avasare and P. Coene and S. Decneut and F. Hendrickx and T. Marescaux and J-Y. Mignolet and R. Pasko and P. Schaumont},
  Booktitle                = {Thirty-Fifth Asilomar Conference on Signals, Systems and Computers, IEEE, Piscataway, NJ, USA},
  Year                     = {2001},
  Pages                    = {463-467},
  Volume                   = {1}
}

@Unpublished{video-FIRM-plan-annotation,
  Title                    = {https://parasol.tamu.edu/groups/amatogroup/movies/ExtensionOne\_v5.mp4},
  Author                   = {Video of {FIRM} plan execution (with annotation)}
}

@Unpublished{video-FIRM-plan-No-annotation,
  Title                    = {https://parasol.tamu.edu/groups/amatogroup/movies/LargeEnvironmentDoubleSpeed.mp4},
  Author                   = {Video of {FIRM} plan execution (with no annotation)}
}

@Unpublished{video-FIRM-plan-robustness-annotation,
  Title                    = {https://parasol.tamu.edu/groups/amatogroup/movies/ExtensionTwo\_v6.mp4},
  Author                   = {Video of {FIRM} plan execution under large disturbances (with annotation)}
}

@Unpublished{video-FIRM-plan-robustness-No-annotation,
  Title                    = {https://parasol.tamu.edu/groups/amatogroup/movies/Replanning4TimesFaster.mp4},
  Author                   = {Video of {FIRM} plan execution under large disturbances (with no annotation)}
}

@Unpublished{video-RHC-FIRM,
  Title                    = {https://parasol.tamu.edu/groups/amatogroup/movies/small\_sizev\_22.mp4},
  Author                   = {Video of {FIRM} plan execution on a physical robot in a changing environment}
}

@InProceedings{Viegas99,
  Title                    = {Chat Circles},
  Author                   = {F. Viegas and J. Donath},
  Booktitle                = {CHI '99},
  Year                     = {1999}
}

@InProceedings{Vitus11,
  Title                    = {Closed-loop belief space planning for linear, {G}aussian systems.},
  Author                   = {Vitus, Michael P. and Tomlin, Claire J.},
  Booktitle                = {ICRA},
  Year                     = {2011},
  Address                  = {Shanghai, China},
  Pages                    = {2152-2159}
}

@InProceedings{Volpe00,
  Title                    = {Enhanced Mars rover navigation techniques},
  Author                   = {R. Volpe and T. Estlin and S. Laubach and C. Olson and J. Balaram},
  Booktitle                = {IEEE International Conference on Robotics and Automation, San Francisco, CA},
  Year                     = {2000},
  Month                    = {April},
  Pages                    = {926-931},
  Volume                   = {1}
}

@InProceedings{wallick2004,
  Title                    = {A Portable Solution for Automatic Lecture Room Camera Management},
  Author                   = {M. Wallick and Y. Rui and L. He},
  Booktitle                = {IEEE International Conference on Multimedia and Expo (ICME), Taipei, ROC},
  Year                     = {2004},
  Month                    = {June},
  Pages                    = {987--990}
}

@Book{Walrand2000,
  Title                    = {High-Performance Communication Networks, 2nd Edition},
  Author                   = {J. Walrand and P. Varaiya},
  Publisher                = {Morgan Kaufmann Press},
  Year                     = {2000}
}

@InProceedings{Wang09,
  Title                    = {Modeling and Analysis of Skid-Steered Mobile Robots},
  Author                   = {H. Wang and J. Zhang and J. Yi and D. Song and S. Jayasuriya and J. Liu},
  Booktitle                = {, IEEE International Conference on Robotics and Automation (ICRA), Kobe, Japan},
  Year                     = {2009},
  Month                    = {May}
}

@Article{Wang2007,
  Title                    = {Simultaneous Localization, Mapping and Moving Object Tracking},
  Author                   = {C. Wang and C. Thorpe and S. Thrun and M. Hebert and H. Durrant-Whyte},
  Journal                  = {The International Journal of Robotics Research},
  Year                     = {2007},
  Month                    = {September},
  Number                   = {9},
  Pages                    = {889-916},
  Volume                   = {26}
}

@Article{Webster06,
  Title                    = {Nonholonomic Modeling of Needle Steering},
  Author                   = {Robert J. Webster and Jin Seob Kim and Noah J. Cowan and Gregory S. Chirikjian and Allison M. Okamura},
  Journal                  = {IJRR},
  Year                     = {2006},
  Number                   = {5-6},
  Pages                    = {509-525},
  Volume                   = {25}
}

@Book{weiss99,
  Title                    = {Multi-Agent Systems: A Modern Approach to Distributed Artificial Intelligence},
  Editor                   = {G. Weiss},
  Publisher                = {MIT Press, Cambridge, MA},
  Year                     = {1999}
}

@Book{white1990,
  Title                    = {Analysis of radio-tracking data},
  Author                   = {G. White and R. Garrott},
  Publisher                = {Academic Press, San Diego, California},
  Year                     = {1990}
}

@Article{Whitehouse2007,
  Title                    = {A Practical Evaluation of Radio Signal Strength for Ranging-based Localization},
  Author                   = {K. Whitehouse and C. Karlof and D. Culler},
  Journal                  = {ACM SIGMOBILE Mobile Computing and Communications Review},
  Year                     = {2007},
  Month                    = {January},
  Number                   = {1},
  Pages                    = {41-52},
  Volume                   = {11}
}

@Article{WikipediaKidnappedRobot,
  Title                    = {http://en.wikipedia.org/wiki/Kidnapped{\_}robot{\_}problem},
  Author                   = {Wikipedia},
  Year                     = {2012}
}

@Article{Wildcam2005,
  Title                    = {http://www.wildcam.com/},
  Author                   = {wildcam.com},
  Year                     = {2005}
}

@InProceedings{wilmarth1999maprm,
  Title                    = {{MAPRM}: A probabilistic roadmap planner with sampling on the medial axis of the free space},
  Author                   = {Wilmarth, Steven A and Amato, Nancy M and Stiller, Peter F},
  Booktitle                = {IEEE International Conference on Robotics and Automation},
  Year                     = {1999},
  Pages                    = {1024--1031},
  Volume                   = {2}
}

@Article{Wood1986,
  Title                    = {Diurnal and Nocturnal Territoriality in the Grey Plover at Teesmouth, as Revealed by Radio Telemetry},
  Author                   = {A. Wood},
  Journal                  = {Journal of Field Ornithology},
  Year                     = {1986},
  Number                   = {3},
  Pages                    = {213-221},
  Volume                   = {57}
}

@Article{www-hand-eye-compare,
  Title                    = {{\bf http://graphics.stanford.edu/~smr/ICP/comparison/}},
  Author                   = {hard-eye},
  Year                     = {2005}
}

@Article{www-heatexchanger,
  Title                    = {{\bf http://heatex.mit.edu/}},
  Author                   = {matlab-calibration}
}

@Article{www-matlab-cali1,
  Title                    = {{\bf http://www.ee.oulu.fi/~jth/calibr/}},
  Author                   = {matlab-calibration},
  Year                     = {2005}
}

@Unpublished{www-matlab-cali2,
  Title                    = {{\bf http://www.vision.caltech.edu/}},
  Author                   = {caltech-vision},
  Year                     = {2005}
}

@Unpublished{www-panorama-tools,
  Author                   = {{\bf http://www.tawbaware.com/ptasmblr.htm}}
}

@Book{xu1996,
  Title                    = {Epipolar geometry in stereo, motion, and object recognition: a unified approach},
  Editor                   = {G. Xu and Z. Zhang},
  Publisher                = {Kluwer Academic Publishers},
  Year                     = {1996}
}

@Article{Xu2005,
  Title                    = {Pedestrian detection and tracking with night vision},
  Author                   = {F. Xu and X. Liu and K. Fujimura},
  Journal                  = {IEEE Transactions on Intelligent Transportation Systems},
  Year                     = {2005},
  Month                    = {March},
  Number                   = {1},
  Pages                    = {63-71},
  Volume                   = {6}
}

@InProceedings{Xu2008a,
  Title                    = {An Approximation Algorithm for the Least Overlapping p-Frame Problem with Non-Partial Coverage for Networked Robotic Cameras},
  Author                   = {Y. Xu and D. Song and J. Yi},
  Booktitle                = {IEEE International Conference on Robotics and Automation (ICRA), Pasadena, CA},
  Year                     = {2008},
  Month                    = {May}
}

@Article{Yan05,
  Title                    = {Incorporating state estimation into model predictive control and its application to network traffic control},
  Author                   = {J. Yan and R. R. Bitmead},
  Journal                  = {Automatica},
  Year                     = {2005},
  Number                   = {4},
  Pages                    = {595–604},
  Volume                   = {41}
}

@InProceedings{Yang08,
  Title                    = {Dealing with Laser Scanner Failure: Mirrors and Windows},
  Author                   = {Shao-Wen Yang and Chieh-Chih Wang},
  Booktitle                = {IEEE International Conference on Robotics and Automation (ICRA), Pasadena, CA, US},
  Year                     = {2008},
  Month                    = {May}
}

@InProceedings{yang2001,
  Title                    = {Incremental Computation and Maintenance of Temporal Aggregates},
  Author                   = {J. Yang and J. Widom},
  Booktitle                = {Proceedings of the 17th International Conference on Data Engineering, Heidelberg, Germany},
  Year                     = {2001},
  Month                    = {April},
  Pages                    = {51-60}
}

@Article{Ye2000,
  Title                    = {Tracking a Person with Pre-Recorded Image Database and a Pan, Tilt, and Zoom Camera},
  Author                   = {Y. Ye and J. Tsotsos and E. Harley and K. Bennet},
  Journal                  = {Machine Vision and Applications},
  Year                     = {2000},
  Month                    = {July},
  Number                   = {1},
  Pages                    = {32-43},
  Volume                   = {12}
}

@InProceedings{Yi2006a,
  Title                    = {Trajectory Tracking and Balance Stabilization Control of Autonomous Motorcycles},
  Author                   = {J. Yi and D. Song and A. Levandowski and S. Jayasuriya},
  Booktitle                = {IEEE International Conference on Robotics and Automation (ICRA), Orlando, FL},
  Year                     = {2006},
  Month                    = {May}
}

@Article{Zatz2005,
  Title                    = {http://www.seemorewildlife.com/index.php},
  Author                   = {D. Zatz},
  Year                     = {2005}
}

@Article{zhang_h_2002,
  Title                    = {Visual Motion Planning for Mobile Robots},
  Author                   = {H. Zhang and J. P. Ostrowski},
  Journal                  = {IEEE Transactions on Robotics and Automation},
  Year                     = {2002},
  Month                    = {April},
  Number                   = {2},
  Pages                    = {199-208},
  Volume                   = {18}
}

@InProceedings{zhang00depthfirst,
  Title                    = {Depth-First Branch-and-Bound versus Local Search: A Case Study},
  Author                   = {Weixiong Zhang},
  Booktitle                = {{AAAI}/{IAAI}},
  Year                     = {2000},
  Pages                    = {930-935},
  URL                      = {citeseer.nj.nec.com/470650.html}
}

@InProceedings{zhang2000,
  Title                    = {E-commerce direct marketing using augmented reality},
  Author                   = {X. Zhang and N. Navab and S-P Liou},
  Booktitle                = {Proceedings of International Conference on Multimedia and Expo. New York, NY, USA.},
  Year                     = {2000},
  Month                    = {7}
}

@InProceedings{zhang2002a,
  Title                    = {Efficient Aggregation over Objects with Extent},
  Author                   = {D. Zhang and V. J. Tsotras and D. Gunopulos},
  Booktitle                = {Proc. of 21th ACM International SIGACT-SIGMOD-SIGART Symposium on Principles of Database Systems (PODS), Madison, Wisconsin, USA},
  Year                     = {2002},
  Month                    = {June},
  Pages                    = {121-132}
}

@InProceedings{zhang2002b,
  Title                    = {Efficient Computation of Temporal Aggregates with Range Predicates},
  Author                   = {D. Zhang and A. Markowetz and V. J. Tsotras and D. Gunopulos},
  Booktitle                = {Proc. of Twentieth ACM SIGACT-SIGMOD-SIGART Symposium on Principles of Database Systems (PODS), Santa Barbara, CA, USA},
  Year                     = {2001},
  Month                    = {May},
  Pages                    = {237-245}
}

@InProceedings{Zhang97,
  Title                    = {Obstacle Detection Based on Qualitative and Quantitative 3D Reconstruction},
  Author                   = {Z. Zhang and R. Weiss and A. R. Hanson},
  Booktitle                = {IEEE Transactions on Pattern Analysis and Machine Intelligence},
  Year                     = {1997},
  Month                    = {Januaray},
  Number                   = {1},
  Pages                    = {15-26},
  Volume                   = {19}
}

@PhdThesis{zhang-phd,
  Title                    = {Aggregation Computation over Complex Objects},
  Author                   = {D. Zhang},
  School                   = {Department of Computer Science, University of California, Riverside},
  Year                     = {2002}
}

@InProceedings{Zhou2007,
  Title                    = {Exploiting Vertical Lines in Vision-Based Navigation for Mobile Robot Platforms},
  Author                   = {J. Zhou and B. Li},
  Booktitle                = {IEEE International Conference on Acoustics, Speech and Signal Processing (ICASSP)},
  Year                     = {2007},
  Address                  = {Honolulu, Hawaii, USA},
  Month                    = {April},
  Pages                    = {I-465--I-468}
}

@InProceedings{Zhu06,
  Title                    = {An Improved Stereo-based Visual Odometry System},
  Author                   = {Z. Zhu and T. Oskiper and O. Naroditsky},
  Booktitle                = {Intelligent System Workshop},
  Year                     = {2006},
  Address                  = {Maryland, USA},
  Month                    = {Aug.}
}

@InProceedings{zhu1999,
  Title                    = {Fast Generation of Dynamic and Multi-Resolution 360-Degree Panorama from Video Sequences},
  Author                   = {Z. Zhu and G. Xu and E. M. Riseman and A. R. Hanson},
  Booktitle                = {IEEE International Conference on Multimedia Computing and Systems, Florence, Italy},
  Year                     = {1999},
  Month                    = {June},
  Pages                    = {9400-9406},
  Volume                   = {1}
}

@Article{Zhu2000,
  Title                    = {A New Diamond Search Algorithm for Fast Block-Matching Motion Estimation},
  Author                   = {Shan Zhu and Kai-Kuang Ma},
  Journal                  = {IEEE TRANSACTIONS ON IMAGE PROCESSING},
  Year                     = {2000},
  Month                    = {Feb},
  Number                   = {2},
  Pages                    = {287-290},
  Volume                   = {9}
}

@Book{zhuang1996,
  Title                    = {Camera-aided robot calibration},
  Editor                   = {H. Zhuang and Z.S. Roth},
  Publisher                = {RC Press, Boca Raton, FL},
  Year                     = {1996}
}

@Article{Ziou1998,
  Title                    = {Edge detection techniques - an overview},
  Author                   = {Djemel Ziou and Salvatore Tabbone},
  Journal                  = {International Journal of Pattern Recognition and Image Analysis},
  Year                     = {1998},
  Number                   = {4},
  Pages                    = {537--559},
  Volume                   = {8}
}

@Article{ziou1998,
  Title                    = {Edge detection techniques-an overview},
  Author                   = {D. Ziou and S. Tabbone},
  Journal                  = {Pattern Recognition and Image Analysis},
  Year                     = {1998},
  Month                    = {Oct.-Dec.},
  Number                   = {4},
  Pages                    = {537-59},
  Volume                   = {8}
}

@Article{zitova2003,
  Title                    = {Image registration methods: a survey},
  Author                   = {B. Zitova and J. Flusser},
  Journal                  = {Image and Vision Computing},
  Year                     = {2003},
  Month                    = {June},
  Number                   = {2003},
  Pages                    = {977-1000},
  Volume                   = {21}
}

@Article{zoghi1998,
  Title                    = {Real-time control via the Internet. ``WebCAM+''},
  Author                   = {B. Zoghi and R. Rouse and M. Camacho and J. Morgan},
  Journal                  = {Computers in Education Journal},
  Year                     = {1998},
  Number                   = {2},
  Pages                    = {44-52},
  Volume                   = {8}
}

@InProceedings{Zuliani04-163,
  Title                    = {A Mathematical Comparison of Point Detectors},
  Author                   = {M. Zuliani and C. Kenney and B. S. Manjunath},
  Booktitle                = {Second IEEE Image and Video Registration Workshop (IVR)},
  Year                     = {2004},
  Month                    = {Jun},
  Location                 = {Washington, DC},
  URL                      = {http://vision.ece.ucsb.edu/publications/04IVRMarco.pdf}
}

@Article{zzhang2000,
  Title                    = {A flexible new technique for camera calibration},
  Author                   = {Z. Zhang},
  Journal                  = {IEEE Transactions on Pattern Analysis and Machine Intelligence},
  Year                     = {2000},
  Number                   = {11},
  Pages                    = {1330-1334},
  Volume                   = {22}
}

@PhdThesis{Elfes1989occupancy,
	title={Occupancy grids: A probabilistic framework for robot perception and navigation},
	author={Elfes, Alberto},
	year={1989},
	School={Carnegie Mellon University}
}

@article{moravec1988sensor,
	title={Sensor fusion in certainty grids for mobile robots},
	author={Moravec, Hans P},
	journal={AI magazine},
	volume={9},
	number={2},
	pages={61},
	year={1988}
}

@book{stachniss2009_book,
	title={Robotic mapping and exploration},
	author={Stachniss, Cyrill},
	volume={55},
	year={2009},
	publisher={Springer}
}

@article{thrun2002robotic,
	title={Robotic mapping: A survey},
	author={Thrun, Sebastian and others},
	journal={Exploring artificial intelligence in the new millennium},
	volume={1},
	pages={1--35},
	year = {2002}
}

@inproceedings{yamauchi1997frontier,
	title={A frontier-based approach for autonomous exploration},
	author={Yamauchi, Brian},
	booktitle={IEEE International Symposium on Computational Intelligence in Robotics and Automation},
	pages={146--151},
	year={1997}
}

@inproceedings{konolige2008outdoor,
	title={Outdoor mapping and navigation using stereo vision},
	author={Konolige, Kurt and Agrawal, Motilal and Bolles, Robert C and Cowan, Cregg and Fischler, Martin and Gerkey, Brian},
	booktitle={Experimental Robotics},
	pages={179--190},
	year={2008},
	organization={Springer}
}

@inproceedings{wurm2010octomap,
	title={OctoMap: A probabilistic, flexible, and compact 3D map representation for robotic systems},
	author={Wurm, Kai M and Hornung, Armin and Bennewitz, Maren and Stachniss, Cyrill and Burgard, Wolfram},
	booktitle={ICRA 2010 workshop on best practice in 3D perception and modeling for mobile manipulation},
	volume={2},
	year={2010}
}

@article{thrun1998learning,
	title={Learning metric-topological maps for indoor mobile robot navigation},
	author={Thrun, Sebastian},
	journal={Artificial Intelligence},
	volume={99},
	number={1},
	pages={21--71},
	year={1998},
	publisher={Elsevier}
}

@inproceedings{newcombe2011kinectfusion,
	title={KinectFusion: Real-time dense surface mapping and tracking},
	author={Newcombe, Richard A and Izadi, Shahram and Hilliges, Otmar and Molyneaux, David and Kim, David and Davison, Andrew J and Kohi, Pushmeet and Shotton, Jamie and Hodges, Steve and Fitzgibbon, Andrew},
	booktitle={Mixed and augmented reality (ISMAR), 2011 10th IEEE international symposium on},
	pages={127--136},
	year={2011},
	organization={IEEE}
}

@Article{moravec1996TR,
	Title                    = {Robot spatial perception by stereoscopic vision and 3d evidence
	grids},
	Author                   = {Hans P. Moravec},
	Journal                  = {Technical Report CMU-RI-TR-96-34, Carnegie Mellon University},
	Year                     = {1996}
}

@inproceedings{howard1996generating,
	title={Generating sonar maps in highly specular environments},
	author={Howard, Andrew and Kitchen, Les},
	booktitle={In Proceedings of the Fourth International Conference on Control Automation Robotics and Vision},
	year={1996}
}

@incollection{pagac1996evidential,
	title={An evidential approach to probabilistic map-building},
	author={Pagac, Daniel and Nebot, Eduardo M and Durrant-Whyte, Hugh},
	booktitle={Reasoning with Uncertainty in Robotics},
	pages={164--170},
	year={1996},
	publisher={Springer}
}

@article{konolige1997improved,
	title={Improved occupancy grids for map building},
	author={Konolige, Kurt},
	journal={Autonomous Robots},
	volume={4},
	number={4},
	pages={351--367},
	year={1997},
	publisher={Springer}
}

@InProceedings{Paskin05,
	Title                    = {Robotic mapping with polygonal random fields},
	Author                   = {Paskin M and Thrun S},
	Booktitle                = {Conference on Uncertainty in Artificial Intelligence},
	pages={450–458},
	Year                     = {2005}
}

@inproceedings{veeck2004learning,
	title={Learning polyline maps from range scan data acquired with mobile robots},
	author={Veeck, Michael and Burgard, Wolfram},
	booktitle={IEEE/RSJ International Conference on Intelligent Robots and Systems},
	volume={2},
	pages={1065--1070},
	year={2004}
}

@article{thrun2003learning,
	title={Learning occupancy grid maps with forward sensor models},
	author={Thrun, Sebastian},
	journal={Autonomous robots},
	volume={15},
	number={2},
	pages={111--127},
	year={2003},
	publisher={Springer}
}

@article{kay1993fundamentals,
	title={Fundamentals of statistical signal processing, volume I: estimation theory},
	author={Kay, Steven M},
	year={1993},
	publisher={Prentice Hall}
}

@inproceedings{hahnel2003map,
	title={Map building with mobile robots in dynamic environments},
	author={Hahnel, Dirk and Triebel, Rudolph and Burgard, Wolfram and Thrun, Sebastian},
	booktitle={IEEE International Conference on Robotics and Automation},
	volume={2},
	pages={1557--1563},
	year={2003},
	organization={IEEE}
}

@comment{jabref-meta: groupsversion:3;}

@comment{jabref-meta: groupstree:
0 AllEntriesGroup:;
1 ExplicitGroup:Ali's papers\;0\;Ali11-FIRM-IROS\;Ali11-tech-FIRM\;Ali11-tech-FIRM-main\;Ali11-tech-ProbabComplete\;Ali12-DFL-IROS\;Ali12-NeedleSteering\;Ali12-ProbComp-ICRA\;Ali12-bookChpater-FIRM-GPRM\;Ali12-tech-DFL-SKF-FIRM\;Ali12-tech-Periodic-FIRM\;Ali13-Unified-Graph-control\;Ali13-cooperativePlanning\;Ali13-goalChanging-workshop\;Ali14-IJRR\;Ali14-RolloutFIRM-ICRA\;;
}

@article{Burri25012016,
author = {Burri, Michael and Nikolic, Janosch and Gohl, Pascal and Schneider, Thomas and Rehder, Joern and Omari, Sammy and Achtelik, Markus W and Siegwart, Roland}, 
title = {The EuRoC micro aerial vehicle datasets},
year = {2016}, 
doi = {10.1177/0278364915620033}, 
URL = {http://ijr.sagepub.com/content/early/2016/01/21/0278364915620033.abstract}, 
eprint = {http://ijr.sagepub.com/content/early/2016/01/21/0278364915620033.full.pdf+html}, 
journal = {The International Journal of Robotics Research} 
}

@inproceedings{traverse2020,
  title={Data-driven surface traversability analysis for Mars 2020 landing site selection},
  author={Ono, Masahiro and Rothrock, Brandon and Almeida, Eduardo and Ansar, Adnan and Otero, Richard and Huertas, Andres and Heverly, Matthew},
  booktitle={Aerospace Conference, 2016 IEEE},
  pages={1--12},
  year={2016},
  organization={IEEE}
}

@article{mars2012,
  title={Mars Science Laboratory mission and science investigation},
  author={Grotzinger, John P and Crisp, Joy and Vasavada, Ashwin R and Anderson, Robert C and Baker, Charles J and Barry, Robert and Blake, David F and Conrad, Pamela and Edgett, Kenneth S and Ferdowski, Bobak and others},
  journal={Space science reviews},
  volume={170},
  number={1-4},
  pages={5--56},
  year={2012},
  publisher={Springer}
}


@inproceedings{fu2015integrating,
  title={Integrating active sensing into reactive synthesis with temporal logic constraints under partial observations},
  author={Fu, Jie and Topcu, Ufuk},
  booktitle={American Control Conference (ACC), 2015},
  pages={2408--2413},
  year={2015},
  organization={IEEE}
}

@inproceedings{dorsa-rss2016,
 author = {Sadigh, Dorsa and Kapoor, Ashish},
 title = {Safe Control under Uncertainty with Probabilistic Signal Temporal Logic},
 booktitle = {Proceedings of Robotics: Science and Systems},
 series = {RSS '16},
 year = {2016},
 location = {Ann Arbor, Michigan},
} 

@conference{Cristi-CDC-2016,
    author    = {Vasile, Cristian-Ioan and Leahy, Kevin and Cristofalo, Eric and Jones, Austin and Schwager, Mac and Belta, Calin},
    title     = {{Control in Belief Space with Temporal Logic Specifications}},
    booktitle = {IEEE Conference on Decision and Control (CDC)},
    pages     = {7419--7424},
    month     = {December},
    address   = {Las Vegas, NV, USA},
    year      = {2016},
    note      = {\href{}{link}}
}
